time_exchange;time_coinapi;guid;price;base_amount;taker_side
2019-06-08T00:00:03.504000000;2019-06-08T00:00:02.990882944;10;7978.94;0.042461;SELL
2019-06-08T00:00:03.646000000;2019-06-08T00:00:02.990882944;16;7978.94;0.019112;SELL
2019-06-08T00:00:03.822000000;2019-06-08T00:00:02.990882944;18;7979.95;0.001419;BUY
2019-06-08T00:00:04.203000000;2019-06-08T00:00:02.990882944;57;7978.94;7e-06;SELL
2019-06-08T00:00:04.203000000;2019-06-08T00:00:02.990882944;58;7978.92;0.003361;SELL
2019-06-08T00:00:05.745000000;2019-06-08T00:00:02.990882944;110;7978.94;0.002061;SELL
2019-06-08T00:00:05.831000000;2019-06-08T00:00:02.990882944;115;7979.47;0.116307;BUY
2019-06-08T00:00:05.832000000;2019-06-08T00:00:02.990882944;116;7978.94;0.040422;SELL
2019-06-08T00:00:06.004000000;2019-06-08T00:00:02.990882944;120;7979.43;0.118231;BUY
2019-06-08T00:00:06.004000000;2019-06-08T00:00:02.990882944;121;7979.94;0.244907;BUY
2019-06-08T00:00:06.066000000;2019-06-08T00:00:02.990882944;124;7978.94;0.002061;SELL
2019-06-08T00:00:06.192000000;2019-06-08T00:00:02.990882944;131;7978.94;0.00105;SELL
2019-06-08T00:00:06.192000000;2019-06-08T00:00:02.990882944;132;7978.92;0.001524;SELL
2019-06-08T00:00:06.579000000;2019-06-08T00:00:02.990882944;151;7978.92;0.020252;SELL
2019-06-08T00:00:06.579000000;2019-06-08T00:00:02.990882944;152;7978.92;0.001748;SELL
2019-06-08T00:00:08.041000000;2019-06-08T00:00:02.990882944;191;7980;0.001492;BUY
2019-06-08T00:00:08.417000000;2019-06-08T00:00:02.990882944;206;7978.94;0.001902;SELL
2019-06-08T00:00:08.474000000;2019-06-08T00:00:02.990882944;207;7978.94;0.00169;SELL
2019-06-08T00:00:09.240000000;2019-06-08T00:00:02.990882944;227;7978.94;0.0015;SELL
2019-06-08T00:00:09.539000000;2019-06-08T00:00:02.990882944;249;7978.94;0.076954;SELL
2019-06-08T00:00:09.541000000;2019-06-08T00:00:02.990882944;250;7979.25;0.084078;BUY
2019-06-08T00:00:10.340000000;2019-06-08T00:00:02.990882944;259;7978.92;0.001252;SELL
2019-06-08T00:00:10.340000000;2019-06-08T00:00:02.990882944;260;7977.01;0.025064;SELL
2019-06-08T00:00:10.340000000;2019-06-08T00:00:02.990882944;261;7977;0.043876;SELL
2019-06-08T00:00:10.340000000;2019-06-08T00:00:02.990882944;262;7973.91;0.002845;SELL
2019-06-08T00:00:10.340000000;2019-06-08T00:00:02.990882944;263;7973.89;0.023189;SELL
2019-06-08T00:00:10.340000000;2019-06-08T00:00:02.990882944;264;7973.89;0.195016;SELL
2019-06-08T00:00:10.340000000;2019-06-08T00:00:02.990882944;265;7973.87;0.194;SELL
2019-06-08T00:00:10.340000000;2019-06-08T00:00:02.990882944;266;7973.41;0.09737;SELL
2019-06-08T00:00:10.456000000;2019-06-08T00:00:02.990882944;275;7976.64;0.001903;BUY
2019-06-08T00:00:10.787000000;2019-06-08T00:00:02.990882944;286;7974.11;0.00745;SELL
2019-06-08T00:00:11.047000000;2019-06-08T00:00:02.990882944;290;7976.62;0.024317;BUY
2019-06-08T00:00:11.047000000;2019-06-08T00:00:02.990882944;291;7976.67;0.380185;BUY
2019-06-08T00:00:11.797000000;2019-06-08T00:00:02.990882944;304;7974.37;0.00188;SELL
2019-06-08T00:00:11.840000000;2019-06-08T00:00:02.990882944;305;7976.66;0.00188;BUY
2019-06-08T00:00:11.840000000;2019-06-08T00:00:02.990882944;306;7976.67;0.012475;BUY
2019-06-08T00:00:13.050000000;2019-06-08T00:00:02.990882944;337;7976.65;0.056498;BUY
2019-06-08T00:00:13.050000000;2019-06-08T00:00:02.990882944;338;7976.66;0.257168;BUY
2019-06-08T00:00:13.050000000;2019-06-08T00:00:02.990882944;339;7976.66;0.257168;BUY
2019-06-08T00:00:13.050000000;2019-06-08T00:00:02.990882944;340;7976.66;0.257168;BUY
2019-06-08T00:00:13.050000000;2019-06-08T00:00:02.990882944;341;7976.66;0.257168;BUY
2019-06-08T00:00:13.050000000;2019-06-08T00:00:02.990882944;342;7976.66;0.193388;BUY
2019-06-08T00:00:13.095000000;2019-06-08T00:00:02.990882944;344;7976.66;0.06378;BUY
2019-06-08T00:00:13.095000000;2019-06-08T00:00:02.990882944;345;7976.66;0.034224;BUY
2019-06-08T00:00:13.095000000;2019-06-08T00:00:02.990882944;346;7976.67;0.526996;BUY
2019-06-08T00:00:13.105000000;2019-06-08T00:00:02.990882944;350;7976.67;0.33989;BUY
2019-06-08T00:00:13.124000000;2019-06-08T00:00:02.990882944;351;7976.67;0.06732;BUY
2019-06-08T00:00:13.124000000;2019-06-08T00:00:02.990882944;352;7976.67;0.030686;BUY
2019-06-08T00:00:13.124000000;2019-06-08T00:00:02.990882944;353;7977.01;0.06732;BUY
2019-06-08T00:00:13.124000000;2019-06-08T00:00:02.990882944;354;7979.94;0.007996;BUY
2019-06-08T00:00:13.124000000;2019-06-08T00:00:02.990882944;355;7979.94;0.06728;BUY
2019-06-08T00:00:13.124000000;2019-06-08T00:00:02.990882944;356;7979.94;0.021286;BUY
2019-06-08T00:00:13.124000000;2019-06-08T00:00:02.990882944;357;7979.94;0.049766;BUY
2019-06-08T00:00:13.182000000;2019-06-08T00:00:02.990882944;359;7976.84;0.077099;BUY
2019-06-08T00:00:14.115000000;2019-06-08T00:00:02.990882944;366;7977.02;0.025062;SELL
2019-06-08T00:00:14.115000000;2019-06-08T00:00:02.990882944;367;7977.01;0.06193;SELL
2019-06-08T00:00:14.138000000;2019-06-08T00:00:02.990882944;369;7977.01;0.026297;SELL
2019-06-08T00:00:14.138000000;2019-06-08T00:00:02.990882944;370;7976.84;0.046761;SELL
2019-06-08T00:00:14.272000000;2019-06-08T00:00:02.990882944;373;7979.66;0.001488;BUY
2019-06-08T00:00:15.266000000;2019-06-08T00:00:16.974178874;384;7976.85;0.025063;SELL
2019-06-08T00:00:15.266000000;2019-06-08T00:00:16.974178874;385;7976.84;0.008266;SELL
2019-06-08T00:00:16.173000000;2019-06-08T00:00:17.005252538;408;7976.84;0.001402;SELL
2019-06-08T00:00:16.262000000;2019-06-08T00:00:17.005252538;410;7976.84;0.02067;SELL
2019-06-08T00:00:16.522000000;2019-06-08T00:00:17.005252538;412;7975.46;0.002803;SELL
2019-06-08T00:00:17.449000000;2019-06-08T00:00:17.482957430;459;7975.46;0.002212;SELL
2019-06-08T00:00:17.449000000;2019-06-08T00:00:17.483725574;460;7974.89;0.008;SELL
2019-06-08T00:00:17.449000000;2019-06-08T00:00:17.485396361;461;7974.87;0.009644;SELL
2019-06-08T00:00:18.003000000;2019-06-08T00:00:18.037071146;489;7974.87;0.01542;SELL
2019-06-08T00:00:18.322000000;2019-06-08T00:00:18.373138578;501;7972.91;0.109822;SELL
2019-06-08T00:00:18.322000000;2019-06-08T00:00:18.373138578;502;7972.88;0.023206;SELL
2019-06-08T00:00:18.322000000;2019-06-08T00:00:18.373138578;503;7972.76;0.025069;SELL
2019-06-08T00:00:18.322000000;2019-06-08T00:00:18.373138578;504;7972.75;0.843656;SELL
2019-06-08T00:00:18.483000000;2019-06-08T00:00:18.511284948;523;7975.44;0.001483;BUY
2019-06-08T00:00:18.999000000;2019-06-08T00:00:19.036930922;545;7972.76;0.02507;SELL
2019-06-08T00:00:18.999000000;2019-06-08T00:00:19.036930922;546;7972.72;0.001305;SELL
2019-06-08T00:00:19.140000000;2019-06-08T00:00:19.246231616;558;7973.36;0.098891;SELL
2019-06-08T00:00:19.428000000;2019-06-08T00:00:19.477190691;565;7971.61;0.001875;SELL
2019-06-08T00:00:19.428000000;2019-06-08T00:00:19.477190691;566;7971.26;0.001875;SELL
2019-06-08T00:00:19.428000000;2019-06-08T00:00:19.477546780;567;7971.14;0.002764;SELL
2019-06-08T00:00:19.428000000;2019-06-08T00:00:19.478513217;568;7968.88;0.067309;SELL
2019-06-08T00:00:19.428000000;2019-06-08T00:00:19.479003559;569;7968.86;0.026177;SELL
2019-06-08T00:00:19.442000000;2019-06-08T00:00:19.489656054;570;7974.76;0.00325;BUY
2019-06-08T00:00:19.758000000;2019-06-08T00:00:19.780097266;577;7968.96;0.003262;SELL
2019-06-08T00:00:19.758000000;2019-06-08T00:00:19.781054139;578;7968.94;0.019838;SELL
2019-06-08T00:00:20.052000000;2019-06-08T00:00:20.138164560;599;7974.01;0.002802;BUY
2019-06-08T00:00:20.078000000;2019-06-08T00:00:20.163238046;606;7968.94;0.044328;SELL
2019-06-08T00:00:20.078000000;2019-06-08T00:00:20.163238046;608;7968.75;0.074029;SELL
2019-06-08T00:00:20.134000000;2019-06-08T00:00:20.237211144;644;7971.61;0.00416;SELL
2019-06-08T00:00:20.660000000;2019-06-08T00:00:20.685149987;669;7973.59;0.017641;BUY
2019-06-08T00:00:20.769000000;2019-06-08T00:00:20.791900103;688;7971.61;0.000127;SELL
2019-06-08T00:00:20.769000000;2019-06-08T00:00:20.792793211;689;7968.74;0.004393;SELL
2019-06-08T00:00:20.769000000;2019-06-08T00:00:20.793367695;690;7968.59;0.001702;SELL
2019-06-08T00:00:20.769000000;2019-06-08T00:00:20.793879942;691;7968.56;0.110249;SELL
2019-06-08T00:00:20.769000000;2019-06-08T00:00:20.794713019;693;7968.5;0.001702;SELL
2019-06-08T00:00:20.769000000;2019-06-08T00:00:20.795529868;696;7968.5;0.006998;SELL
2019-06-08T00:00:20.769000000;2019-06-08T00:00:20.796493104;699;7968.45;0.000367;SELL
2019-06-08T00:00:20.771000000;2019-06-08T00:00:20.813245845;700;7973.39;0.00334;BUY
2019-06-08T00:00:20.779000000;2019-06-08T00:00:20.813245845;704;7968.45;0.002397;SELL
2019-06-08T00:00:20.779000000;2019-06-08T00:00:20.813245845;705;7968.25;0.006599;SELL
2019-06-08T00:00:20.779000000;2019-06-08T00:00:20.813245845;706;7968.18;0.001305;SELL
2019-06-08T00:00:20.779000000;2019-06-08T00:00:20.813245845;707;7968.13;2e-06;SELL
2019-06-08T00:00:20.779000000;2019-06-08T00:00:20.813245845;708;7967.88;0.115235;SELL
2019-06-08T00:00:20.866000000;2019-06-08T00:00:20.888239230;715;7973.23;0.11729;BUY
2019-06-08T00:00:20.917000000;2019-06-08T00:00:20.941173269;717;7967.9;0.003371;SELL
2019-06-08T00:00:20.917000000;2019-06-08T00:00:20.941349568;718;7967.88;0.103627;SELL
2019-06-08T00:00:20.987000000;2019-06-08T00:00:21.038945333;728;7973.19;0.002135;BUY
2019-06-08T00:00:22.707000000;2019-06-08T00:00:22.728267089;833;7972.02;0.001427;BUY
2019-06-08T00:00:22.816000000;2019-06-08T00:00:22.853213532;847;7971.91;0.045721;BUY
2019-06-08T00:00:22.816000000;2019-06-08T00:00:22.853213532;848;7971.92;0.065935;BUY
2019-06-08T00:00:22.917000000;2019-06-08T00:00:22.939733302;853;7971.81;0.02147;BUY
2019-06-08T00:00:23.147000000;2019-06-08T00:00:23.248035473;860;7971.68;0.004103;BUY
2019-06-08T00:00:24.095000000;2019-06-08T00:00:24.201193606;886;7971.25;0.008;BUY
2019-06-08T00:00:24.095000000;2019-06-08T00:00:24.233211943;887;7971.26;0.016891;BUY
2019-06-08T00:00:24.380000000;2019-06-08T00:00:24.453180442;895;7970;0.013846;BUY
2019-06-08T00:00:24.479000000;2019-06-08T00:00:24.529306609;912;7969.99;0.062965;BUY
2019-06-08T00:00:24.523000000;2019-06-08T00:00:24.577225043;921;7969.99;0.017628;BUY
2019-06-08T00:00:24.534000000;2019-06-08T00:00:24.577225043;922;7969.99;0.001288;BUY
2019-06-08T00:00:24.718000000;2019-06-08T00:00:24.741075597;933;7969.99;0.069542;BUY
2019-06-08T00:00:24.959000000;2019-06-08T00:00:24.980552707;946;7969.99;0.002507;BUY
2019-06-08T00:00:25.144000000;2019-06-08T00:00:25.246962314;965;7967.77;0.025094;SELL
2019-06-08T00:00:25.144000000;2019-06-08T00:00:25.246962314;966;7967.76;0.212319;SELL
2019-06-08T00:00:25.209000000;2019-06-08T00:00:25.366984375;969;7968.34;0.126803;SELL
2019-06-08T00:00:25.355000000;2019-06-08T00:00:25.416758399;999;7967.77;0.024981;SELL
2019-06-08T00:00:25.418000000;2019-06-08T00:00:25.477239608;1001;7969.99;0.006251;BUY
2019-06-08T00:00:26.024000000;2019-06-08T00:00:26.038928103;1016;7969.99;0.026954;BUY
2019-06-08T00:00:26.024000000;2019-06-08T00:00:26.038928103;1017;7970;0.009661;BUY
2019-06-08T00:00:26.721000000;2019-06-08T00:00:26.743576068;1021;7969.97;0.023218;BUY
2019-06-08T00:00:26.819000000;2019-06-08T00:00:26.857141461;1029;7969.99;0.114316;BUY
2019-06-08T00:00:26.917000000;2019-06-08T00:00:26.941194331;1039;7970;0.001517;BUY
2019-06-08T00:00:26.924000000;2019-06-08T00:00:26.944064358;1042;7970;0.002294;BUY
2019-06-08T00:00:26.935000000;2019-06-08T00:00:26.956062424;1045;7970;0.113362;BUY
2019-06-08T00:00:27.045000000;2019-06-08T00:00:27.066205884;1057;7967.48;0.001294;SELL
2019-06-08T00:00:27.045000000;2019-06-08T00:00:27.067291135;1058;7967.2;0.000586;SELL
2019-06-08T00:00:28.158000000;2019-06-08T00:00:28.250820261;1109;7967.44;0.009182;SELL
2019-06-08T00:00:28.252000000;2019-06-08T00:00:28.308723153;1113;7967.88;0.002402;BUY
2019-06-08T00:00:28.296000000;2019-06-08T00:00:28.361178282;1116;7967.88;0.025744;BUY
2019-06-08T00:00:28.317000000;2019-06-08T00:00:28.371625696;1118;7967.88;0.007988;BUY
2019-06-08T00:00:28.336000000;2019-06-08T00:00:28.395096451;1119;7967.88;0.001381;BUY
2019-06-08T00:00:28.342000000;2019-06-08T00:00:28.402270938;1120;7967.88;0.006346;BUY
2019-06-08T00:00:28.492000000;2019-06-08T00:00:28.545918897;1129;7967.88;0.021344;BUY
2019-06-08T00:00:28.523000000;2019-06-08T00:00:28.568351257;1131;7967.45;0.002483;SELL
2019-06-08T00:00:29.001000000;2019-06-08T00:00:29.039440138;1145;7967.86;0.050708;BUY
2019-06-08T00:00:29.016000000;2019-06-08T00:00:29.039440138;1149;7967.86;1.7e-05;BUY
2019-06-08T00:00:29.016000000;2019-06-08T00:00:29.039440138;1150;7967.88;2.8e-05;BUY
2019-06-08T00:00:29.016000000;2019-06-08T00:00:29.039440138;1151;7970;0.00685;BUY
2019-06-08T00:00:29.352000000;2019-06-08T00:00:29.410208278;1159;7967.52;0.111125;SELL
2019-06-08T00:00:29.352000000;2019-06-08T00:00:29.411381865;1161;7967.49;0.055001;SELL
2019-06-08T00:00:29.381000000;2019-06-08T00:00:29.437881937;1164;7967.53;0.025094;SELL
2019-06-08T00:00:29.381000000;2019-06-08T00:00:29.439010822;1165;7967.49;0.474906;SELL
2019-06-08T00:00:29.411000000;2019-06-08T00:00:29.463750880;1167;7967.54;0.116556;SELL
2019-06-08T00:00:29.411000000;2019-06-08T00:00:29.464718341;1168;7967.5;0.025094;SELL
2019-06-08T00:00:29.411000000;2019-06-08T00:00:29.465366420;1169;7967.2;0.001116;SELL
2019-06-08T00:00:29.411000000;2019-06-08T00:00:29.466063818;1170;7967.2;0.003;SELL
2019-06-08T00:00:29.411000000;2019-06-08T00:00:29.466393234;1171;7967.01;0.003939;SELL
2019-06-08T00:00:29.411000000;2019-06-08T00:00:29.467032321;1172;7966.84;0.005928;SELL
2019-06-08T00:00:29.411000000;2019-06-08T00:00:29.467359608;1173;7966.66;0.007357;SELL
2019-06-08T00:00:29.411000000;2019-06-08T00:00:29.468569976;1174;7966.66;0.00159;SELL
2019-06-08T00:00:29.502000000;2019-06-08T00:00:29.535662131;1176;7966.32;0.007985;BUY
2019-06-08T00:00:29.512000000;2019-06-08T00:00:29.541425876;1177;7966.32;0.017;BUY
2019-06-08T00:00:29.516000000;2019-06-08T00:00:29.545933291;1178;7966.32;0.005503;BUY
2019-06-08T00:00:29.559000000;2019-06-08T00:00:29.581514754;1190;7966.32;0.040937;BUY
2019-06-08T00:00:29.562000000;2019-06-08T00:00:29.584116779;1191;7966.32;0.002498;BUY
2019-06-08T00:00:29.567000000;2019-06-08T00:00:29.588411729;1192;7966.32;0.001381;BUY
2019-06-08T00:00:29.606000000;2019-06-08T00:00:29.627884834;1198;7966.32;0.011499;BUY
2019-06-08T00:00:29.606000000;2019-06-08T00:00:29.629061101;1199;7969.97;0.065205;BUY
2019-06-08T00:00:29.606000000;2019-06-08T00:00:29.629658336;1200;7969.98;0.010096;BUY
2019-06-08T00:00:29.617000000;2019-06-08T00:00:29.638537653;1202;7969.98;0.086781;BUY
2019-06-08T00:00:29.622000000;2019-06-08T00:00:29.644400332;1204;7966.32;0.018583;SELL
2019-06-08T00:00:29.622000000;2019-06-08T00:00:29.645251303;1205;7966.31;0.001882;SELL
2019-06-08T00:00:29.622000000;2019-06-08T00:00:29.645945400;1206;7966.22;0.025105;SELL
2019-06-08T00:00:29.622000000;2019-06-08T00:00:29.646689281;1207;7966.21;0.2;SELL
2019-06-08T00:00:29.622000000;2019-06-08T00:00:29.647535643;1208;7966.2;0.03766;SELL
2019-06-08T00:00:29.622000000;2019-06-08T00:00:29.648174390;1209;7966.14;0.00478;SELL
2019-06-08T00:00:29.622000000;2019-06-08T00:00:29.648812965;1210;7966;0.00296;SELL
2019-06-08T00:00:29.622000000;2019-06-08T00:00:29.649298939;1211;7965.94;0.122227;SELL
2019-06-08T00:00:29.628000000;2019-06-08T00:00:29.649837965;1212;7969.98;0.002958;BUY
2019-06-08T00:00:29.655000000;2019-06-08T00:00:29.677643585;1214;7966.23;0.023225;SELL
2019-06-08T00:00:29.655000000;2019-06-08T00:00:29.678808892;1216;7966.23;0.008009;SELL
2019-06-08T00:00:29.788000000;2019-06-08T00:00:29.811314078;1223;7966.21;0.055569;BUY
2019-06-08T00:00:29.838000000;2019-06-08T00:00:29.860453359;1228;7969.91;0.008009;BUY
2019-06-08T00:00:29.838000000;2019-06-08T00:00:29.861567295;1229;7969.91;0.004535;BUY
2019-06-08T00:00:29.848000000;2019-06-08T00:00:29.869636637;1230;7969.91;0.01869;BUY
2019-06-08T00:00:29.848000000;2019-06-08T00:00:29.870968808;1233;7969.91;0.002282;BUY
2019-06-08T00:00:29.937000000;2019-06-08T00:00:29.962377959;1236;7965.95;0.025094;SELL
2019-06-08T00:00:29.937000000;2019-06-08T00:00:29.962528421;1237;7965.93;0.05211;SELL
2019-06-08T00:00:29.937000000;2019-06-08T00:00:29.962703988;1238;7965.9;0.110742;SELL
2019-06-08T00:00:30.174000000;2019-06-08T00:00:30.251942088;1241;7968.31;0.240136;BUY
2019-06-08T00:00:30.416000000;2019-06-08T00:00:30.472957034;1263;7965.93;0.023226;SELL
2019-06-08T00:00:30.416000000;2019-06-08T00:00:30.473900059;1264;7965.91;0.011006;SELL
2019-06-08T00:00:30.564000000;2019-06-08T00:00:30.590573148;1269;7965.91;0.014088;SELL
2019-06-08T00:00:30.564000000;2019-06-08T00:00:30.593061205;1270;7965.9;0.075172;SELL
2019-06-08T00:00:30.565000000;2019-06-08T00:00:30.593220932;1271;7965.9;0.00276;SELL
2019-06-08T00:00:30.566000000;2019-06-08T00:00:30.594052333;1273;7965.9;0.011326;SELL
2019-06-08T00:00:30.566000000;2019-06-08T00:00:30.594492383;1274;7965.76;0.001519;SELL
2019-06-08T00:00:30.566000000;2019-06-08T00:00:30.594986232;1275;7965.76;0.016675;SELL
2019-06-08T00:00:30.587000000;2019-06-08T00:00:30.609057928;1276;7965.76;0.011326;SELL
2019-06-08T00:00:30.587000000;2019-06-08T00:00:30.610082791;1278;7965.75;0.002764;SELL
2019-06-08T00:00:30.999000000;2019-06-08T00:00:31.040768386;1294;7965.82;0.025099;SELL
2019-06-08T00:00:30.999000000;2019-06-08T00:00:31.040768386;1297;7965.81;0.061651;SELL
2019-06-08T00:00:31.030000000;2019-06-08T00:00:31.051038536;1305;7965.81;0.00534;SELL
2019-06-08T00:00:31.437000000;2019-06-08T00:00:31.485599964;1327;7968.19;0.001611;BUY
2019-06-08T00:00:31.636000000;2019-06-08T00:00:31.658909023;1342;7967.86;1.240758;SELL
2019-06-08T00:00:31.907000000;2019-06-08T00:00:31.928864907;1349;7967.86;0.053605;SELL
2019-06-08T00:00:32.078000000;2019-06-08T00:00:32.162946421;1369;7967.86;1.6;SELL
2019-06-08T00:00:32.120000000;2019-06-08T00:00:32.219978980;1371;7967.86;0.625;SELL
2019-06-08T00:00:32.159000000;2019-06-08T00:00:32.254207281;1373;7967.86;0.16407;SELL
2019-06-08T00:00:32.525000000;2019-06-08T00:00:32.563551650;1379;7967.86;0.011;SELL
2019-06-08T00:00:32.731000000;2019-06-08T00:00:32.753736315;1389;7968.12;0.040262;BUY
2019-06-08T00:00:33.136000000;2019-06-08T00:00:33.244364789;1426;7968.18;0.001412;BUY
2019-06-08T00:00:33.462000000;2019-06-08T00:00:33.510031268;1437;7967.86;0.001147;SELL
2019-06-08T00:00:33.462000000;2019-06-08T00:00:33.511364318;1438;7965.22;0.025099;SELL
2019-06-08T00:00:33.462000000;2019-06-08T00:00:33.512381775;1439;7965.21;0.00534;SELL
2019-06-08T00:00:33.462000000;2019-06-08T00:00:33.512984147;1440;7965.01;0.012359;SELL
2019-06-08T00:00:33.462000000;2019-06-08T00:00:33.513704492;1441;7965;0.005;SELL
2019-06-08T00:00:33.462000000;2019-06-08T00:00:33.514302077;1442;7964.7;0.002288;SELL
2019-06-08T00:00:33.462000000;2019-06-08T00:00:33.514784304;1443;7964.06;0.03;SELL
2019-06-08T00:00:33.462000000;2019-06-08T00:00:33.515264562;1444;7964.04;0.002201;SELL
2019-06-08T00:00:33.462000000;2019-06-08T00:00:33.516286098;1446;7964.04;0.006107;SELL
2019-06-08T00:00:33.462000000;2019-06-08T00:00:33.516591982;1447;7963.63;0.001305;SELL
2019-06-08T00:00:33.462000000;2019-06-08T00:00:33.517249980;1448;7963.15;0.011182;SELL
2019-06-08T00:00:33.462000000;2019-06-08T00:00:33.517905045;1449;7963.06;0.002764;SELL
2019-06-08T00:00:33.462000000;2019-06-08T00:00:33.518382744;1450;7963;0.001506;SELL
2019-06-08T00:00:33.462000000;2019-06-08T00:00:33.519093294;1451;7962.95;0.030455;SELL
2019-06-08T00:00:33.462000000;2019-06-08T00:00:33.519516887;1452;7962.53;0.030296;SELL
2019-06-08T00:00:33.462000000;2019-06-08T00:00:33.520344236;1453;7961.86;0.008007;SELL
2019-06-08T00:00:33.462000000;2019-06-08T00:00:33.520997645;1454;7961.86;0.012949;SELL
2019-06-08T00:00:33.558000000;2019-06-08T00:00:33.587566419;1457;7963.99;0.004141;BUY
2019-06-08T00:00:33.558000000;2019-06-08T00:00:33.588155821;1458;7964;0.140989;BUY
2019-06-08T00:00:33.663000000;2019-06-08T00:00:33.683691606;1462;7964;0.003;BUY
2019-06-08T00:00:33.668000000;2019-06-08T00:00:33.691059234;1463;7964;0.001145;BUY
2019-06-08T00:00:33.668000000;2019-06-08T00:00:33.691869858;1464;7968.01;0.002999;BUY
2019-06-08T00:00:34.131000000;2019-06-08T00:00:34.232572523;1480;7963.99;0.001366;SELL
2019-06-08T00:00:34.131000000;2019-06-08T00:00:34.232572523;1481;7962.39;0.011054;SELL
2019-06-08T00:00:34.405000000;2019-06-08T00:00:34.465691722;1489;7965.16;0.153239;SELL
2019-06-08T00:00:35.039000000;2019-06-08T00:00:35.061382093;1521;7962.54;0.024577;SELL
2019-06-08T00:00:35.219000000;2019-06-08T00:00:35.287164597;1528;7966.95;0.008007;BUY
2019-06-08T00:00:35.219000000;2019-06-08T00:00:35.287823798;1529;7966.96;0.012949;BUY
2019-06-08T00:00:35.219000000;2019-06-08T00:00:35.288470902;1530;7966.97;0.02186;BUY
2019-06-08T00:00:35.370000000;2019-06-08T00:00:35.429523467;1533;7965.16;0.117707;BUY
2019-06-08T00:00:35.479000000;2019-06-08T00:00:35.525139627;1535;7965.16;0.011536;BUY
2019-06-08T00:00:35.483000000;2019-06-08T00:00:35.527310211;1536;7962.57;0.025109;SELL
2019-06-08T00:00:35.483000000;2019-06-08T00:00:35.528163335;1537;7962.56;0.041891;SELL
2019-06-08T00:00:36.140000000;2019-06-08T00:00:36.253117026;1562;7965.13;0.023226;BUY
2019-06-08T00:00:36.140000000;2019-06-08T00:00:36.253117026;1563;7965.13;0.03903;BUY
2019-06-08T00:00:36.140000000;2019-06-08T00:00:36.253117026;1564;7965.14;0.147728;BUY
2019-06-08T00:00:36.140000000;2019-06-08T00:00:36.253117026;1565;7965.15;0.034499;BUY
2019-06-08T00:00:36.996000000;2019-06-08T00:00:37.040699547;1601;7964.06;0.139788;BUY
2019-06-08T00:00:37.036000000;2019-06-08T00:00:37.058373757;1606;7965.11;0.005981;BUY
2019-06-08T00:00:37.104000000;2019-06-08T00:00:37.448720882;1608;7962.59;0.025109;SELL
2019-06-08T00:00:37.104000000;2019-06-08T00:00:37.448720882;1609;7962.58;0.042168;SELL
2019-06-08T00:00:38.935000000;2019-06-08T00:00:38.960075558;1691;7961.8;0.008013;SELL
2019-06-08T00:00:38.935000000;2019-06-08T00:00:38.960651307;1692;7961.78;0.025109;SELL
2019-06-08T00:00:38.935000000;2019-06-08T00:00:38.961625020;1693;7961.77;0.110872;SELL
2019-06-08T00:00:38.935000000;2019-06-08T00:00:38.962476623;1694;7961.57;0.020088;SELL
2019-06-08T00:00:38.935000000;2019-06-08T00:00:38.963409435;1695;7961.13;0.001308;SELL
2019-06-08T00:00:38.935000000;2019-06-08T00:00:38.964077217;1696;7961.02;0.023236;SELL
2019-06-08T00:00:38.935000000;2019-06-08T00:00:38.965093142;1697;7961;0.125612;SELL
2019-06-08T00:00:38.935000000;2019-06-08T00:00:38.966023977;1698;7960.99;0.001323;SELL
2019-06-08T00:00:38.935000000;2019-06-08T00:00:38.966915864;1699;7960.97;0.014228;SELL
2019-06-08T00:00:38.935000000;2019-06-08T00:00:38.967566237;1700;7960.5;0.150586;SELL
2019-06-08T00:00:38.935000000;2019-06-08T00:00:38.968396266;1701;7960.5;0.143907;SELL
2019-06-08T00:00:39.210000000;2019-06-08T00:00:39.335616141;1720;7962.13;0.112593;BUY
2019-06-08T00:00:39.357000000;2019-06-08T00:00:39.416041942;1734;7964.84;0.001448;BUY
2019-06-08T00:00:39.503000000;2019-06-08T00:00:39.536405973;1746;7960.99;0.001449;SELL
2019-06-08T00:00:39.503000000;2019-06-08T00:00:39.537210950;1747;7960.97;0.009534;SELL
2019-06-08T00:00:39.812000000;2019-06-08T00:00:39.833707524;1761;7964.51;0.01;BUY
2019-06-08T00:00:40.321000000;2019-06-08T00:00:40.371085055;1777;7960.97;0.015574;SELL
2019-06-08T00:00:40.460000000;2019-06-08T00:00:40.501391394;1780;7960.97;2e-06;SELL
2019-06-08T00:00:40.460000000;2019-06-08T00:00:40.502055440;1781;7960.36;0.002764;SELL
2019-06-08T00:00:40.460000000;2019-06-08T00:00:40.503022840;1782;7960.14;0.005319;SELL
2019-06-08T00:00:40.594000000;2019-06-08T00:00:40.617068159;1787;7960.16;0.002932;SELL
2019-06-08T00:00:40.958000000;2019-06-08T00:00:40.980517796;1796;7964.11;0.110909;BUY
2019-06-08T00:00:40.958000000;2019-06-08T00:00:40.981550545;1797;7964.18;0.008014;BUY
2019-06-08T00:00:40.958000000;2019-06-08T00:00:40.982139945;1798;7964.2;0.006634;BUY
2019-06-08T00:00:42.079000000;2019-06-08T00:00:42.147614321;1811;7964.83;0.009112;BUY
2019-06-08T00:00:42.311000000;2019-06-08T00:00:42.365668002;1815;7960.48;0.008015;SELL
2019-06-08T00:00:42.311000000;2019-06-08T00:00:42.366167734;1816;7960.46;0.002031;SELL
2019-06-08T00:00:42.314000000;2019-06-08T00:00:42.367301105;1817;7960.46;0.00188;SELL
2019-06-08T00:00:43.761000000;2019-06-08T00:00:43.783499932;1855;7962.57;0.025112;BUY
2019-06-08T00:00:43.761000000;2019-06-08T00:00:43.784228068;1856;7962.58;0.012191;BUY
2019-06-08T00:00:43.864000000;2019-06-08T00:00:43.886483908;1859;7962.57;0.008023;BUY
2019-06-08T00:00:43.885000000;2019-06-08T00:00:43.908871951;1861;7960.46;0.02511;SELL
2019-06-08T00:00:43.885000000;2019-06-08T00:00:43.909668309;1862;7960.45;0.109792;SELL
2019-06-08T00:00:43.885000000;2019-06-08T00:00:43.910664573;1863;7960.14;0.005287;SELL
2019-06-08T00:00:43.885000000;2019-06-08T00:00:43.911576160;1864;7960.09;0.002122;SELL
2019-06-08T00:00:43.885000000;2019-06-08T00:00:43.912119644;1865;7960;0.015636;SELL
2019-06-08T00:00:43.885000000;2019-06-08T00:00:43.913747573;1866;7960;0.00157;SELL
2019-06-08T00:00:43.885000000;2019-06-08T00:00:43.913747573;1867;7960;0.081063;SELL
2019-06-08T00:00:44.954000000;2019-06-08T00:00:44.976693078;1882;7962.4;0.00749;BUY
2019-06-08T00:00:44.954000000;2019-06-08T00:00:44.977997417;1883;7962.41;0.002882;BUY
2019-06-08T00:00:45.483000000;2019-06-08T00:00:45.515307725;1900;7962.31;0.009497;BUY
2019-06-08T00:00:45.581000000;2019-06-08T00:00:45.601771768;1908;7962.26;0.001481;BUY
2019-06-08T00:00:45.663000000;2019-06-08T00:00:45.685133326;1915;7960;0.003866;SELL
2019-06-08T00:00:45.663000000;2019-06-08T00:00:45.686303213;1916;7960;0.00628;SELL
2019-06-08T00:00:47.586000000;2019-06-08T00:00:47.607763280;2006;7961.84;0.006658;BUY
2019-06-08T00:00:48.074000000;2019-06-08T00:00:48.135347686;2029;7961.84;0.108741;BUY
2019-06-08T00:00:48.074000000;2019-06-08T00:00:48.156816132;2030;7961.85;0.011265;BUY
2019-06-08T00:00:48.347000000;2019-06-08T00:00:48.402007896;2095;7961.93;0.03;BUY
2019-06-08T00:00:48.382000000;2019-06-08T00:00:48.437899925;2096;7961.93;0.022612;BUY
2019-06-08T00:00:48.428000000;2019-06-08T00:00:48.479183134;2106;7961.93;0.001897;SELL
2019-06-08T00:00:48.495000000;2019-06-08T00:00:48.539150014;2120;7962.58;0.033152;SELL
2019-06-08T00:00:48.495000000;2019-06-08T00:00:48.539577323;2122;7961.93;0.020715;SELL
2019-06-08T00:00:48.495000000;2019-06-08T00:00:48.539577323;2123;7960.02;0.025119;SELL
2019-06-08T00:00:48.495000000;2019-06-08T00:00:48.540094780;2124;7960.01;0.172152;SELL
2019-06-08T00:00:48.525000000;2019-06-08T00:00:48.579931586;2156;7960.01;0.001896;SELL
2019-06-08T00:00:49.201000000;2019-06-08T00:00:49.273794717;2237;7962.58;0.033152;SELL
2019-06-08T00:00:49.201000000;2019-06-08T00:00:49.274749520;2238;7960.14;0.090284;SELL
2019-06-08T00:00:49.272000000;2019-06-08T00:00:49.329256441;2243;7960.14;0.018989;SELL
2019-06-08T00:00:49.272000000;2019-06-08T00:00:49.330108113;2244;7960.1;0.014118;SELL
2019-06-08T00:00:49.412000000;2019-06-08T00:00:49.462209896;2255;7961.93;0.002625;SELL
2019-06-08T00:00:49.798000000;2019-06-08T00:00:49.820001946;2267;7963.3;0.0015;BUY
2019-06-08T00:00:51.164000000;2019-06-08T00:00:51.352018513;2324;7962.63;0.041876;BUY
2019-06-08T00:00:51.207000000;2019-06-08T00:00:51.352018513;2326;7961.93;0.000107;SELL
2019-06-08T00:00:51.207000000;2019-06-08T00:00:51.352018513;2327;7960.12;0.001498;SELL
2019-06-08T00:00:51.207000000;2019-06-08T00:00:51.352018513;2328;7960.1;0.003837;SELL
2019-06-08T00:00:51.392000000;2019-06-08T00:00:51.444405385;2330;7960.1;0.021278;SELL
2019-06-08T00:00:51.392000000;2019-06-08T00:00:51.445178418;2331;7960.09;0.053333;SELL
2019-06-08T00:00:52.160000000;2019-06-08T00:00:52.240444044;2365;7962.6;0.001468;BUY
2019-06-08T00:00:52.604000000;2019-06-08T00:00:52.626709365;2379;7962.6;0.01602;BUY
2019-06-08T00:00:53.155000000;2019-06-08T00:00:53.248991716;2405;7962.6;0.007;BUY
2019-06-08T00:00:53.398000000;2019-06-08T00:00:53.446531528;2413;7960.1;0.008172;SELL
2019-06-08T00:00:54.022000000;2019-06-08T00:00:54.041380575;2430;7962.6;0.001516;BUY
2019-06-08T00:00:54.147000000;2019-06-08T00:00:54.239243656;2432;7962.59;0.018201;SELL
2019-06-08T00:00:54.196000000;2019-06-08T00:00:54.268515457;2433;7962.59;0.002505;BUY
2019-06-08T00:00:54.317000000;2019-06-08T00:00:54.366616161;2438;7962.58;0.023;BUY
2019-06-08T00:00:54.336000000;2019-06-08T00:00:54.384160174;2439;7962.58;0.000601;BUY
2019-06-08T00:00:54.336000000;2019-06-08T00:00:54.385164188;2440;7962.59;0.054282;BUY
2019-06-08T00:00:54.336000000;2019-06-08T00:00:54.385967561;2441;7962.61;0.080183;BUY
2019-06-08T00:00:54.355000000;2019-06-08T00:00:54.407086393;2444;7962.61;0.031282;BUY
2019-06-08T00:00:54.355000000;2019-06-08T00:00:54.407957535;2445;7963.26;0.008013;BUY
2019-06-08T00:00:54.355000000;2019-06-08T00:00:54.409096135;2446;7963.28;0.049725;BUY
2019-06-08T00:00:54.355000000;2019-06-08T00:00:54.410029304;2447;7963.3;0.025137;BUY
2019-06-08T00:00:54.355000000;2019-06-08T00:00:54.410898145;2448;7963.35;0.064642;BUY
2019-06-08T00:00:54.355000000;2019-06-08T00:00:54.411842743;2449;7963.35;0.064642;BUY
2019-06-08T00:00:54.355000000;2019-06-08T00:00:54.412248662;2450;7963.35;0.039142;BUY
2019-06-08T00:00:54.376000000;2019-06-08T00:00:54.427415162;2451;7962.6;0.022919;BUY
2019-06-08T00:00:54.376000000;2019-06-08T00:00:54.428235584;2452;7963.35;0.0255;BUY
2019-06-08T00:00:54.376000000;2019-06-08T00:00:54.428715701;2453;7963.35;0.064642;BUY
2019-06-08T00:00:54.376000000;2019-06-08T00:00:54.429357286;2454;7963.35;0.064642;BUY
2019-06-08T00:00:54.376000000;2019-06-08T00:00:54.429874783;2455;7963.35;0.064642;BUY
2019-06-08T00:00:54.376000000;2019-06-08T00:00:54.430533273;2456;7963.35;0.064642;BUY
2019-06-08T00:00:54.376000000;2019-06-08T00:00:54.431669260;2457;7963.35;0.064642;BUY
2019-06-08T00:00:54.376000000;2019-06-08T00:00:54.431669260;2458;7963.35;0.034505;BUY
2019-06-08T00:00:54.376000000;2019-06-08T00:00:54.431858731;2459;7964.77;0.258987;BUY
2019-06-08T00:00:54.376000000;2019-06-08T00:00:54.432863574;2460;7964.77;0.143448;BUY
2019-06-08T00:00:54.376000000;2019-06-08T00:00:54.434207945;2461;7964.77;0.078665;BUY
2019-06-08T00:00:54.376000000;2019-06-08T00:00:54.434654572;2462;7964.77;0.114111;BUY
2019-06-08T00:00:54.376000000;2019-06-08T00:00:54.435250249;2463;7964.77;0.258987;BUY
2019-06-08T00:00:54.376000000;2019-06-08T00:00:54.435917209;2464;7964.77;0.143448;BUY
2019-06-08T00:00:54.376000000;2019-06-08T00:00:54.436248376;2465;7964.77;0.078665;BUY
2019-06-08T00:00:54.376000000;2019-06-08T00:00:54.436732146;2466;7964.77;0.114111;BUY
2019-06-08T00:00:54.376000000;2019-06-08T00:00:54.437408815;2467;7964.77;0.258987;BUY
2019-06-08T00:00:54.376000000;2019-06-08T00:00:54.454304430;2468;7964.77;0.143448;BUY
2019-06-08T00:00:54.376000000;2019-06-08T00:00:54.454304430;2469;7964.77;0.078665;BUY
2019-06-08T00:00:54.376000000;2019-06-08T00:00:54.454304430;2470;7964.77;0.114111;BUY
2019-06-08T00:00:54.376000000;2019-06-08T00:00:54.454304430;2471;7964.77;0.258987;BUY
2019-06-08T00:00:54.376000000;2019-06-08T00:00:54.454304430;2472;7964.77;0.042681;BUY
2019-06-08T00:00:54.412000000;2019-06-08T00:00:54.458526094;2473;7964.77;0.100767;BUY
2019-06-08T00:00:54.412000000;2019-06-08T00:00:54.459515456;2474;7964.77;0.078665;BUY
2019-06-08T00:00:54.412000000;2019-06-08T00:00:54.471011999;2475;7964.77;0.114111;BUY
2019-06-08T00:00:54.412000000;2019-06-08T00:00:54.471011999;2476;7964.77;0.206457;BUY
2019-06-08T00:00:54.452000000;2019-06-08T00:00:54.494459769;2478;7964.63;0.114648;BUY
2019-06-08T00:00:54.452000000;2019-06-08T00:00:54.495098588;2479;7964.77;0.05253;BUY
2019-06-08T00:00:54.452000000;2019-06-08T00:00:54.495708596;2480;7964.77;0.143448;BUY
2019-06-08T00:00:54.452000000;2019-06-08T00:00:54.496368277;2481;7964.77;0.078665;BUY
2019-06-08T00:00:54.452000000;2019-06-08T00:00:54.496856198;2482;7964.77;0.110709;BUY
2019-06-08T00:00:54.470000000;2019-06-08T00:00:54.509171776;2484;7963.35;0.069642;SELL
2019-06-08T00:00:54.474000000;2019-06-08T00:00:54.513247803;2485;7964.77;0.003402;BUY
2019-06-08T00:00:54.474000000;2019-06-08T00:00:54.514062568;2486;7964.77;0.013232;BUY
2019-06-08T00:00:54.474000000;2019-06-08T00:00:54.514607920;2487;7964.77;0.064562;BUY
2019-06-08T00:00:54.474000000;2019-06-08T00:00:54.515031289;2488;7964.77;0.004813;BUY
2019-06-08T00:00:54.474000000;2019-06-08T00:00:54.515366021;2489;7964.77;0.002818;BUY
2019-06-08T00:00:54.474000000;2019-06-08T00:00:54.515843491;2490;7964.78;0.263656;BUY
2019-06-08T00:00:54.479000000;2019-06-08T00:00:54.516999244;2491;7964.78;0.625;BUY
2019-06-08T00:00:54.481000000;2019-06-08T00:00:54.517661670;2492;7964.78;1.25;BUY
2019-06-08T00:00:54.499000000;2019-06-08T00:00:54.532239697;2494;7964.78;0.225392;BUY
2019-06-08T00:00:54.505000000;2019-06-08T00:00:54.537157168;2495;7964.78;0.625;BUY
2019-06-08T00:00:54.519000000;2019-06-08T00:00:54.548946535;2496;7964.78;0.127091;BUY
2019-06-08T00:00:54.539000000;2019-06-08T00:00:54.564193148;2498;7964.78;0.5;BUY
2019-06-08T00:00:54.541000000;2019-06-08T00:00:54.567158038;2499;7964.78;0.098301;BUY
2019-06-08T00:00:54.783000000;2019-06-08T00:00:54.805792808;2507;7960.18;0.02511;SELL
2019-06-08T00:00:54.783000000;2019-06-08T00:00:54.807236886;2508;7960.17;0.006146;SELL
2019-06-08T00:00:54.888000000;2019-06-08T00:00:54.911170556;2513;7960.25;0.02511;SELL
2019-06-08T00:00:54.888000000;2019-06-08T00:00:54.912275074;2514;7960.24;0.087085;SELL
2019-06-08T00:00:55.015000000;2019-06-08T00:00:55.042516402;2525;7960.38;0.014299;SELL
2019-06-08T00:00:55.018000000;2019-06-08T00:00:55.042516402;2526;7964.75;0.006146;BUY
2019-06-08T00:00:55.018000000;2019-06-08T00:00:55.042516402;2527;7964.77;0.022644;BUY
2019-06-08T00:00:55.043000000;2019-06-08T00:00:55.063779611;2531;7964.77;0.002466;BUY
2019-06-08T00:00:55.043000000;2019-06-08T00:00:55.064769417;2534;7964.78;0.067045;BUY
2019-06-08T00:00:55.068000000;2019-06-08T00:00:55.138475338;2541;7964.78;0.02879;BUY
2019-06-08T00:00:55.234000000;2019-06-08T00:00:55.292525108;2552;7964.77;0.02511;BUY
2019-06-08T00:00:55.234000000;2019-06-08T00:00:55.293130921;2553;7964.78;0.189725;BUY
2019-06-08T00:00:55.234000000;2019-06-08T00:00:55.293613053;2554;7965;0.143155;BUY
2019-06-08T00:00:55.257000000;2019-06-08T00:00:55.308723674;2555;7965;0.0026;BUY
2019-06-08T00:00:55.263000000;2019-06-08T00:00:55.313482604;2556;7965;0.212235;BUY
2019-06-08T00:00:55.263000000;2019-06-08T00:00:55.314409800;2557;7965.16;7e-06;BUY
2019-06-08T00:00:55.263000000;2019-06-08T00:00:55.314680698;2558;7965.5;0.287758;BUY
2019-06-08T00:00:55.924000000;2019-06-08T00:00:55.946350624;2577;7965.44;0.07;BUY
2019-06-08T00:00:56.006000000;2019-06-08T00:00:56.043034150;2588;7965.44;0.04954;BUY
2019-06-08T00:00:56.142000000;2019-06-08T00:00:56.317896360;2609;7965.44;5e-06;BUY
2019-06-08T00:00:56.142000000;2019-06-08T00:00:56.317896360;2613;7965.5;0.212237;BUY
2019-06-08T00:00:56.242000000;2019-06-08T00:00:56.317896360;2647;7967.05;0.03;BUY
2019-06-08T00:00:56.291000000;2019-06-08T00:00:56.346556262;2659;7961.13;0.025102;SELL
2019-06-08T00:00:56.291000000;2019-06-08T00:00:56.346556262;2660;7961.12;0.036387;SELL
2019-06-08T00:00:56.495000000;2019-06-08T00:00:56.527754343;2685;7961.38;0.025103;SELL
2019-06-08T00:00:56.495000000;2019-06-08T00:00:56.528730386;2687;7961.37;0.006078;SELL
2019-06-08T00:00:56.590000000;2019-06-08T00:00:56.612426897;2696;7961.58;0.008014;SELL
2019-06-08T00:00:56.703000000;2019-06-08T00:00:56.724564897;2700;7961.76;0.025103;SELL
2019-06-08T00:00:56.703000000;2019-06-08T00:00:56.725428097;2701;7961.75;0.031719;SELL
2019-06-08T00:00:56.902000000;2019-06-08T00:00:56.923741300;2721;7961.93;0.008013;SELL
2019-06-08T00:00:56.902000000;2019-06-08T00:00:56.924590352;2722;7961.92;0.017046;SELL
2019-06-08T00:00:57.003000000;2019-06-08T00:00:57.098464278;2732;7962.08;0.025103;SELL
2019-06-08T00:00:57.003000000;2019-06-08T00:00:57.098464278;2734;7962.08;0.09043;SELL
2019-06-08T00:00:57.086000000;2019-06-08T00:00:57.205229218;2750;7966.99;0.008013;BUY
2019-06-08T00:00:57.086000000;2019-06-08T00:00:57.205229218;2751;7967.01;0.006078;BUY
2019-06-08T00:00:57.086000000;2019-06-08T00:00:57.205229218;2752;7967.01;0.025102;BUY
2019-06-08T00:00:57.086000000;2019-06-08T00:00:57.205229218;2753;7967.02;0.120147;BUY
2019-06-08T00:00:57.111000000;2019-06-08T00:00:57.214381612;2755;7967.44;0.247653;BUY
2019-06-08T00:00:57.111000000;2019-06-08T00:00:57.214381612;2757;7967.44;0.144715;BUY
2019-06-08T00:00:57.203000000;2019-06-08T00:00:57.273689747;2763;7967.82;0.100369;BUY
2019-06-08T00:00:57.203000000;2019-06-08T00:00:57.274361521;2764;7967.83;0.056008;BUY
2019-06-08T00:00:57.326000000;2019-06-08T00:00:57.373794593;2772;7966.07;0.008191;SELL
2019-06-08T00:00:57.359000000;2019-06-08T00:00:57.406681667;2773;7968.18;0.001305;BUY
2019-06-08T00:00:57.416000000;2019-06-08T00:00:57.461832611;2780;7966.09;0.008009;SELL
2019-06-08T00:00:57.416000000;2019-06-08T00:00:57.462712270;2781;7966.07;1e-06;SELL
2019-06-08T00:00:57.498000000;2019-06-08T00:00:57.532335852;2782;7970;0.010094;BUY
2019-06-08T00:00:57.498000000;2019-06-08T00:00:57.533457585;2783;7970.93;0.008191;BUY
2019-06-08T00:00:57.498000000;2019-06-08T00:00:57.534184943;2784;7970.94;0.041915;BUY
2019-06-08T00:00:57.498000000;2019-06-08T00:00:57.534631923;2785;7970.94;0.0013;BUY
2019-06-08T00:00:57.544000000;2019-06-08T00:00:57.568061568;2788;7966.07;0.016906;SELL
2019-06-08T00:00:57.629000000;2019-06-08T00:00:57.650671851;2790;7966.07;1e-06;SELL
2019-06-08T00:00:57.629000000;2019-06-08T00:00:57.651605763;2791;7966.06;0.001879;SELL
2019-06-08T00:00:57.749000000;2019-06-08T00:00:57.771972508;2794;7966.07;0.025091;SELL
2019-06-08T00:00:57.840000000;2019-06-08T00:00:57.862217969;2795;7966.09;0.023225;SELL
2019-06-08T00:00:58.212000000;2019-06-08T00:00:58.277957199;2822;7966.21;0.025092;SELL
2019-06-08T00:00:58.212000000;2019-06-08T00:00:58.278783616;2824;7966.2;0.010487;SELL
2019-06-08T00:00:58.249000000;2019-06-08T00:00:58.304637768;2831;7970.56;0.001399;BUY
2019-06-08T00:00:58.585000000;2019-06-08T00:00:58.609346111;2854;7966.55;0.001312;SELL
2019-06-08T00:00:58.688000000;2019-06-08T00:00:58.712485483;2862;7966.57;0.001312;SELL
2019-06-08T00:00:59.436000000;2019-06-08T00:00:59.482395728;2892;7966.85;0.008069;SELL
2019-06-08T00:00:59.555000000;2019-06-08T00:00:59.581048696;2894;7969.29;0.194186;BUY
2019-06-08T00:00:59.735000000;2019-06-08T00:00:59.757153980;2897;7970.23;0.007922;BUY
2019-06-08T00:00:59.735000000;2019-06-08T00:00:59.758589700;2898;7970.24;0.023225;BUY
2019-06-08T00:00:59.735000000;2019-06-08T00:00:59.759410256;2899;7970.24;0.036387;BUY
2019-06-08T00:00:59.735000000;2019-06-08T00:00:59.759895230;2900;7970.26;0.151089;BUY
2019-06-08T00:00:59.735000000;2019-06-08T00:00:59.761060046;2901;7970.32;0.005407;BUY
2019-06-08T00:00:59.760000000;2019-06-08T00:00:59.780373553;2902;7970.32;0.007922;BUY
2019-06-08T00:00:59.765000000;2019-06-08T00:00:59.787468116;2903;7970.18;0.108767;BUY
2019-06-08T00:00:59.765000000;2019-06-08T00:00:59.788226439;2904;7970.32;0.098123;BUY
2019-06-08T00:00:59.816000000;2019-06-08T00:00:59.837397349;2905;7970.64;0.0125;BUY
2019-06-08T00:01:00.384000000;2019-06-08T00:01:00.443658303;2926;7968.57;0.003085;SELL
2019-06-08T00:01:00.554000000;2019-06-08T00:01:00.593207674;2931;7971.25;0.050457;BUY
2019-06-08T00:01:01.001000000;2019-06-08T00:01:01.043942398;2948;7972.17;0.113186;BUY
2019-06-08T00:01:01.013000000;2019-06-08T00:01:01.043942398;2949;7972.18;0.005964;BUY
2019-06-08T00:01:01.840000000;2019-06-08T00:01:01.860534156;2978;7972.17;0.187864;BUY
2019-06-08T00:01:02.056000000;2019-06-08T00:01:02.122958000;2988;7969.32;0.008005;SELL
2019-06-08T00:01:02.091000000;2019-06-08T00:01:02.197002545;2992;7972.17;0.058354;BUY
2019-06-08T00:01:02.112000000;2019-06-08T00:01:02.218951271;2993;7972.17;0.249539;BUY
2019-06-08T00:01:02.281000000;2019-06-08T00:01:02.327209345;3004;7969.35;0.008006;SELL
2019-06-08T00:01:02.281000000;2019-06-08T00:01:02.328679161;3005;7969.33;0.017081;SELL
2019-06-08T00:01:02.380000000;2019-06-08T00:01:02.430080382;3009;7969.45;0.008005;SELL
2019-06-08T00:01:02.464000000;2019-06-08T00:01:02.506953896;3011;7972.15;0.001413;BUY
2019-06-08T00:01:02.501000000;2019-06-08T00:01:02.541191436;3020;7969.54;0.025087;SELL
2019-06-08T00:01:02.501000000;2019-06-08T00:01:02.542857525;3021;7969.53;0.016798;SELL
2019-06-08T00:01:02.691000000;2019-06-08T00:01:02.713857212;3026;7969.62;0.001992;SELL
2019-06-08T00:01:02.775000000;2019-06-08T00:01:02.796728470;3037;7972.72;0.001305;BUY
2019-06-08T00:01:02.775000000;2019-06-08T00:01:02.797333955;3038;7974.2;0.01;BUY
2019-06-08T00:01:02.775000000;2019-06-08T00:01:02.798181097;3039;7975.79;0.006593;BUY
2019-06-08T00:01:02.775000000;2019-06-08T00:01:02.799424958;3040;7975.81;0.143141;BUY
2019-06-08T00:01:02.775000000;2019-06-08T00:01:02.799644627;3041;7975.81;0.001156;BUY
2019-06-08T00:01:02.798000000;2019-06-08T00:01:02.819896235;3042;7969.7;0.001283;SELL
2019-06-08T00:01:02.901000000;2019-06-08T00:01:02.924536744;3047;7969.88;0.006722;SELL
2019-06-08T00:01:02.901000000;2019-06-08T00:01:02.925466612;3048;7969.87;0.025076;SELL
2019-06-08T00:01:02.901000000;2019-06-08T00:01:02.926253367;3049;7969.86;0.044389;SELL
2019-06-08T00:01:03.177000000;2019-06-08T00:01:03.249753224;3061;7971.25;0.007475;BUY
2019-06-08T00:01:03.425000000;2019-06-08T00:01:03.476951775;3073;7971.5;0.012892;SELL
2019-06-08T00:01:03.597000000;2019-06-08T00:01:03.618698343;3078;7971.5;0.010318;SELL
2019-06-08T00:01:03.597000000;2019-06-08T00:01:03.619696917;3079;7971.48;0.025076;SELL
2019-06-08T00:01:03.597000000;2019-06-08T00:01:03.620458817;3080;7971.47;0.008784;SELL
2019-06-08T00:01:03.870000000;2019-06-08T00:01:03.893816020;3085;7973.73;0.162014;BUY
2019-06-08T00:01:03.878000000;2019-06-08T00:01:03.899585662;3086;7975.55;0.008005;BUY
2019-06-08T00:01:03.878000000;2019-06-08T00:01:03.900540947;3087;7975.57;0.02321;BUY
2019-06-08T00:01:03.878000000;2019-06-08T00:01:03.902020234;3088;7975.58;0.004397;BUY
2019-06-08T00:01:03.878000000;2019-06-08T00:01:03.902783468;3089;7975.59;0.152193;BUY
2019-06-08T00:01:03.938000000;2019-06-08T00:01:03.959423890;3091;7971.51;0.008672;SELL
2019-06-08T00:01:04.922000000;2019-06-08T00:01:04.945468265;3129;7971.69;0.035108;SELL
2019-06-08T00:01:04.922000000;2019-06-08T00:01:04.946623807;3130;7971.68;0.042458;SELL
2019-06-08T00:01:05.671000000;2019-06-08T00:01:05.693582159;3173;7971.73;0.007861;SELL
2019-06-08T00:01:05.883000000;2019-06-08T00:01:05.903082811;3181;7971.71;0.003353;SELL
2019-06-08T00:01:06.402000000;2019-06-08T00:01:06.458583029;3225;7971.71;0.022103;SELL
2019-06-08T00:01:06.740000000;2019-06-08T00:01:06.762512094;3237;7971.74;0.035111;SELL
2019-06-08T00:01:06.740000000;2019-06-08T00:01:06.764685763;3238;7971.74;0.091458;SELL
2019-06-08T00:01:07.131000000;2019-06-08T00:01:07.235995463;3253;7971.75;0.035111;SELL
2019-06-08T00:01:07.131000000;2019-06-08T00:01:07.235995463;3254;7971.73;0.057963;SELL
2019-06-08T00:01:07.249000000;2019-06-08T00:01:07.358646767;3279;7971.73;0.036596;SELL
2019-06-08T00:01:07.722000000;2019-06-08T00:01:07.745281528;3324;7971.73;2.5e-05;SELL
2019-06-08T00:01:07.722000000;2019-06-08T00:01:07.746387065;3325;7971.59;0.003114;SELL
2019-06-08T00:01:07.722000000;2019-06-08T00:01:07.747225441;3326;7971.51;0.001327;SELL
2019-06-08T00:01:07.722000000;2019-06-08T00:01:07.747832655;3327;7971.47;0.005099;SELL
2019-06-08T00:01:07.875000000;2019-06-08T00:01:07.898428252;3345;7971.47;0.001894;SELL
2019-06-08T00:01:07.989000000;2019-06-08T00:01:08.042309343;3351;7972.31;0.125352;SELL
2019-06-08T00:01:08.208000000;2019-06-08T00:01:08.277249703;3361;7971.47;0.113007;SELL
2019-06-08T00:01:08.208000000;2019-06-08T00:01:08.278233252;3362;7971.47;0.02;SELL
2019-06-08T00:01:08.208000000;2019-06-08T00:01:08.278723217;3363;7971.47;0.12;SELL
2019-06-08T00:01:08.208000000;2019-06-08T00:01:08.279063513;3364;7971.47;0.01619;SELL
2019-06-08T00:01:08.307000000;2019-06-08T00:01:08.355057121;3373;7971.47;0.010196;SELL
2019-06-08T00:01:08.413000000;2019-06-08T00:01:08.460414121;3377;7971.47;0.005972;SELL
2019-06-08T00:01:08.520000000;2019-06-08T00:01:08.549097731;3384;7971.47;0.011944;SELL
2019-06-08T00:01:08.617000000;2019-06-08T00:01:08.638602334;3398;7971.47;0.014566;SELL
2019-06-08T00:01:08.687000000;2019-06-08T00:01:08.710733431;3402;7974.07;0.001434;BUY
2019-06-08T00:01:08.728000000;2019-06-08T00:01:08.750382329;3417;7970.04;0.06103;SELL
2019-06-08T00:01:08.729000000;2019-06-08T00:01:08.750998100;3418;7970.04;0.005987;SELL
2019-06-08T00:01:09.391000000;2019-06-08T00:01:09.457276420;3447;7969.75;0.01997;SELL
2019-06-08T00:01:10.197000000;2019-06-08T00:01:10.277237037;3480;7969.75;0.001578;SELL
2019-06-08T00:01:10.197000000;2019-06-08T00:01:10.277237037;3481;7969.73;0.008422;SELL
2019-06-08T00:01:10.621000000;2019-06-08T00:01:10.642927345;3511;7969.67;0.002476;SELL
2019-06-08T00:01:10.645000000;2019-06-08T00:01:10.668209965;3513;7972.84;0.001524;BUY
2019-06-08T00:01:10.654000000;2019-06-08T00:01:10.674579315;3514;7969.67;0.192524;SELL
2019-06-08T00:01:10.654000000;2019-06-08T00:01:10.676128068;3515;7969.62;0.39;SELL
2019-06-08T00:01:10.832000000;2019-06-08T00:01:10.854076709;3520;7969.31;0.005681;SELL
2019-06-08T00:01:10.916000000;2019-06-08T00:01:10.939889564;3523;7969.31;0.009759;SELL
2019-06-08T00:01:11.140000000;2019-06-08T00:01:11.227276973;3549;7969.31;0.002039;SELL
2019-06-08T00:01:11.547000000;2019-06-08T00:01:11.573667253;3572;7968.2;0.004804;SELL
2019-06-08T00:01:11.666000000;2019-06-08T00:01:11.687222116;3576;7968.2;0.009758;SELL
2019-06-08T00:01:11.758000000;2019-06-08T00:01:11.781401464;3584;7968.2;0.001893;SELL
2019-06-08T00:01:11.773000000;2019-06-08T00:01:11.793546758;3587;7969.53;0.025075;BUY
2019-06-08T00:01:11.873000000;2019-06-08T00:01:11.893772229;3597;7968.2;0.006262;SELL
2019-06-08T00:01:11.971000000;2019-06-08T00:01:11.993496948;3605;7969.48;0.003882;BUY
2019-06-08T00:01:11.983000000;2019-06-08T00:01:12.042577629;3615;7968.2;0.025483;SELL
2019-06-08T00:01:12.329000000;2019-06-08T00:01:12.373703368;3642;7968.9;0.109273;SELL
2019-06-08T00:01:12.331000000;2019-06-08T00:01:12.374693026;3643;7968.2;0.006175;SELL
2019-06-08T00:01:12.385000000;2019-06-08T00:01:12.428473762;3649;7969.32;0.015748;BUY
2019-06-08T00:01:12.404000000;2019-06-08T00:01:12.453235842;3652;7968.18;0.001305;SELL
2019-06-08T00:01:12.404000000;2019-06-08T00:01:12.453235842;3653;7966.77;0.00481;SELL
2019-06-08T00:01:12.888000000;2019-06-08T00:01:12.910662106;3673;7966.77;0.00188;SELL
2019-06-08T00:01:12.904000000;2019-06-08T00:01:12.937196369;3674;7969.06;0.00148;BUY
2019-06-08T00:01:13.252000000;2019-06-08T00:01:13.313229720;3688;7968.85;0.113553;BUY
2019-06-08T00:01:13.336000000;2019-06-08T00:01:13.384218724;3693;7968.79;0.017039;BUY
2019-06-08T00:01:13.433000000;2019-06-08T00:01:13.476487560;3702;7966.77;0.028;SELL
2019-06-08T00:01:13.487000000;2019-06-08T00:01:13.525203159;3707;7966.77;0.000444;SELL
2019-06-08T00:01:13.487000000;2019-06-08T00:01:13.525203159;3708;7966.76;0.027942;SELL
2019-06-08T00:01:13.662000000;2019-06-08T00:01:13.701149882;3712;7966.76;0.075258;SELL
2019-06-08T00:01:14.484000000;2019-06-08T00:01:14.517207110;3746;7966.76;0.02;SELL
2019-06-08T00:01:14.767000000;2019-06-08T00:01:14.788251859;3755;7968.51;0.022107;BUY
2019-06-08T00:01:15.443000000;2019-06-08T00:01:15.497212205;3786;7968.09;0.007995;BUY
2019-06-08T00:01:15.555000000;2019-06-08T00:01:15.577251648;3799;7967.97;0.013032;BUY
2019-06-08T00:01:15.555000000;2019-06-08T00:01:15.578379882;3800;7967.98;0.023223;BUY
2019-06-08T00:01:15.619000000;2019-06-08T00:01:15.653195765;3802;7967.46;0.083317;BUY
2019-06-08T00:01:16.284000000;2019-06-08T00:01:16.337207265;3839;7966.77;0.004513;SELL
2019-06-08T00:01:17.020000000;2019-06-08T00:01:17.057735582;3879;7967.99;0.018446;BUY
2019-06-08T00:01:17.178000000;2019-06-08T00:01:17.269145145;3886;7968.01;0.001893;SELL
2019-06-08T00:01:17.363000000;2019-06-08T00:01:17.408662146;3889;7968.01;0.005387;SELL
2019-06-08T00:01:18.539000000;2019-06-08T00:01:18.565199549;3954;7968.03;0.102335;SELL
2019-06-08T00:01:18.847000000;2019-06-08T00:01:18.867739844;3961;7968.05;0.058367;BUY
2019-06-08T00:01:19.124000000;2019-06-08T00:01:19.237234037;3968;7968.09;1e-05;BUY
2019-06-08T00:01:19.124000000;2019-06-08T00:01:19.237234037;3969;7968.76;0.00142;BUY
2019-06-08T00:01:19.281000000;2019-06-08T00:01:19.333259109;3970;7968.03;0.000123;SELL
2019-06-08T00:01:19.281000000;2019-06-08T00:01:19.333259109;3971;7966.76;2.1e-05;SELL
2019-06-08T00:01:19.281000000;2019-06-08T00:01:19.333259109;3972;7965.06;0.007997;SELL
2019-06-08T00:01:19.281000000;2019-06-08T00:01:19.333259109;3973;7965.04;0.035137;SELL
2019-06-08T00:01:19.281000000;2019-06-08T00:01:19.333259109;3974;7965.04;0.074273;SELL
2019-06-08T00:01:19.281000000;2019-06-08T00:01:19.333259109;3975;7965.02;0.02322;SELL
2019-06-08T00:01:19.281000000;2019-06-08T00:01:19.333259109;3976;7965;0.187347;SELL
2019-06-08T00:01:19.281000000;2019-06-08T00:01:19.333259109;3977;7964.86;0.074273;SELL
2019-06-08T00:01:19.281000000;2019-06-08T00:01:19.333259109;3978;7964.27;0.002757;SELL
2019-06-08T00:01:19.281000000;2019-06-08T00:01:19.333259109;3979;7964.13;0.328317;SELL
2019-06-08T00:01:20.148000000;2019-06-08T00:01:20.325246291;4022;7964.14;0.001892;SELL
2019-06-08T00:01:20.321000000;2019-06-08T00:01:20.400839750;4033;7964.14;0.03318;SELL
2019-06-08T00:01:20.340000000;2019-06-08T00:01:20.400839750;4042;7968.05;0.007995;BUY
2019-06-08T00:01:20.836000000;2019-06-08T00:01:20.858805276;4106;7968.04;0.009994;BUY
2019-06-08T00:01:20.847000000;2019-06-08T00:01:20.869550055;4107;7968.04;6e-06;BUY
2019-06-08T00:01:20.847000000;2019-06-08T00:01:20.870661993;4108;7968.05;2e-06;BUY
2019-06-08T00:01:20.847000000;2019-06-08T00:01:20.871243224;4109;7968.07;0.009989;BUY
2019-06-08T00:01:20.934000000;2019-06-08T00:01:20.965209967;4114;7968.07;0.025148;BUY
2019-06-08T00:01:20.945000000;2019-06-08T00:01:20.968252068;4115;7968.07;1e-06;BUY
2019-06-08T00:01:20.945000000;2019-06-08T00:01:20.968740318;4116;7968.76;0.025146;BUY
2019-06-08T00:01:21.056000000;2019-06-08T00:01:21.093196504;4124;7964.18;0.001892;SELL
2019-06-08T00:01:21.065000000;2019-06-08T00:01:21.127157180;4125;7968.75;0.035071;BUY
2019-06-08T00:01:21.066000000;2019-06-08T00:01:21.189182879;4126;7968.75;1e-06;BUY
2019-06-08T00:01:21.066000000;2019-06-08T00:01:21.189182879;4128;7968.76;0.015526;BUY
2019-06-08T00:01:21.246000000;2019-06-08T00:01:21.300740026;4133;7968.04;0.008553;SELL
2019-06-08T00:01:21.278000000;2019-06-08T00:01:21.322692834;4135;7968.04;3.1e-05;SELL
2019-06-08T00:01:21.355000000;2019-06-08T00:01:21.406071446;4143;7964.2;0.001892;SELL
2019-06-08T00:01:21.474000000;2019-06-08T00:01:21.519399929;4156;7964.2;0.004223;SELL
2019-06-08T00:01:21.474000000;2019-06-08T00:01:21.520884270;4157;7964.18;0.000781;SELL
2019-06-08T00:01:21.631000000;2019-06-08T00:01:21.669167238;4193;7968.7;0.001611;BUY
2019-06-08T00:01:21.709000000;2019-06-08T00:01:21.733175303;4232;7968.7;0.006396;BUY
2019-06-08T00:01:21.709000000;2019-06-08T00:01:21.733175303;4233;7968.72;0.00158;BUY
2019-06-08T00:01:21.789000000;2019-06-08T00:01:21.813155842;4256;7968.72;0.002516;BUY
2019-06-08T00:01:21.880000000;2019-06-08T00:01:21.902891326;4263;7968.72;0.015192;BUY
2019-06-08T00:01:21.900000000;2019-06-08T00:01:21.925178906;4264;7968.72;0.003174;BUY
2019-06-08T00:01:21.900000000;2019-06-08T00:01:21.925178906;4265;7968.76;0.003421;BUY
2019-06-08T00:01:22.411000000;2019-06-08T00:01:22.469214799;4280;7968.73;0.02321;BUY
2019-06-08T00:01:23.167000000;2019-06-08T00:01:23.249165851;4304;7964.37;0.023138;SELL
2019-06-08T00:01:23.342000000;2019-06-08T00:01:23.392062238;4310;7968.73;1e-05;BUY
2019-06-08T00:01:23.342000000;2019-06-08T00:01:23.393066497;4311;7968.74;0.001416;BUY
2019-06-08T00:01:24.653000000;2019-06-08T00:01:24.676751104;4343;7964.66;0.02323;SELL
2019-06-08T00:01:24.653000000;2019-06-08T00:01:24.677734690;4344;7964.66;0.00801;SELL
2019-06-08T00:01:24.653000000;2019-06-08T00:01:24.678658770;4345;7964.64;0.035137;SELL
2019-06-08T00:01:24.653000000;2019-06-08T00:01:24.679716500;4346;7964.58;0.013434;SELL
2019-06-08T00:01:24.653000000;2019-06-08T00:01:24.680067390;4347;7964.55;0.002658;SELL
2019-06-08T00:01:25.162000000;2019-06-08T00:01:25.241943175;4362;7968.66;0.007384;BUY
2019-06-08T00:01:25.340000000;2019-06-08T00:01:25.382416197;4364;7964.58;0.035122;SELL
2019-06-08T00:01:26.211000000;2019-06-08T00:01:26.283921628;4389;7964.6;0.030532;SELL
2019-06-08T00:01:26.339000000;2019-06-08T00:01:26.383206620;4391;7964.6;0.004606;SELL
2019-06-08T00:01:26.339000000;2019-06-08T00:01:26.384571812;4392;7964.59;0.271005;SELL
2019-06-08T00:01:26.392000000;2019-06-08T00:01:26.429476533;4393;7964.6;0.00459;SELL
2019-06-08T00:01:26.504000000;2019-06-08T00:01:26.525986487;4395;7965;0.00128;SELL
2019-06-08T00:01:26.504000000;2019-06-08T00:01:26.527105702;4396;7964.6;0.029252;SELL
2019-06-08T00:01:27.018000000;2019-06-08T00:01:27.045949992;4405;7968.37;0.00801;BUY
2019-06-08T00:01:27.018000000;2019-06-08T00:01:27.045949992;4406;7968.37;0.02323;BUY
2019-06-08T00:01:27.018000000;2019-06-08T00:01:27.045949992;4407;7968.48;0.137263;BUY
2019-06-08T00:01:27.142000000;2019-06-08T00:01:27.219190540;4408;7964.61;0.007982;SELL
2019-06-08T00:01:27.333000000;2019-06-08T00:01:27.372003662;4413;7964.63;0.003293;SELL
2019-06-08T00:01:27.432000000;2019-06-08T00:01:27.464515610;4418;7964.63;0.001893;SELL
2019-06-08T00:01:27.566000000;2019-06-08T00:01:27.587473373;4422;7968.34;0.001516;BUY
2019-06-08T00:01:27.649000000;2019-06-08T00:01:27.673253754;4426;7964.63;0.001893;SELL
2019-06-08T00:01:28.165000000;2019-06-08T00:01:28.243691359;4442;7964.66;0.00188;SELL
2019-06-08T00:01:28.395000000;2019-06-08T00:01:28.431166020;4451;7964.66;0.001893;SELL
2019-06-08T00:01:28.510000000;2019-06-08T00:01:28.533674453;4457;7964.66;0.001893;SELL
2019-06-08T00:01:28.703000000;2019-06-08T00:01:28.725327662;4459;7964.66;0.001893;SELL
2019-06-08T00:01:29.027000000;2019-06-08T00:01:29.045939783;4491;7964.66;0.013778;SELL
2019-06-08T00:01:29.027000000;2019-06-08T00:01:29.050209081;4492;7964.66;0.004339;SELL
2019-06-08T00:01:29.245000000;2019-06-08T00:01:29.301048794;4504;7964.66;0.001294;SELL
2019-06-08T00:01:29.331000000;2019-06-08T00:01:29.371881595;4508;7964.66;0.022563;SELL
2019-06-08T00:01:30.291000000;2019-06-08T00:01:30.334412215;4525;7965;0.001892;SELL
2019-06-08T00:01:31.008000000;2019-06-08T00:01:31.045373316;4537;7968.09;0.02323;BUY
2019-06-08T00:01:31.008000000;2019-06-08T00:01:31.045373316;4538;7968.09;0.008009;BUY
2019-06-08T00:01:31.008000000;2019-06-08T00:01:31.045373316;4540;7968.11;0.035139;BUY
2019-06-08T00:01:31.008000000;2019-06-08T00:01:31.045373316;4541;7968.37;0.070434;BUY
2019-06-08T00:01:31.008000000;2019-06-08T00:01:31.045373316;4542;7968.37;0.073847;BUY
2019-06-08T00:01:31.008000000;2019-06-08T00:01:31.045373316;4544;7968.37;0.070434;BUY
2019-06-08T00:01:31.008000000;2019-06-08T00:01:31.045373316;4545;7968.37;0.073847;BUY
2019-06-08T00:01:31.008000000;2019-06-08T00:01:31.045373316;4546;7968.37;0.070434;BUY
2019-06-08T00:01:31.008000000;2019-06-08T00:01:31.045373316;4547;7968.37;0.073847;BUY
2019-06-08T00:01:31.008000000;2019-06-08T00:01:31.045373316;4548;7968.37;0.000102;BUY
2019-06-08T00:01:31.089000000;2019-06-08T00:01:31.150411828;4554;7968.36;0.119219;BUY
2019-06-08T00:01:31.089000000;2019-06-08T00:01:31.165976304;4556;7968.37;0.070332;BUY
2019-06-08T00:01:31.089000000;2019-06-08T00:01:31.165976304;4559;7968.37;0.060119;BUY
2019-06-08T00:01:31.246000000;2019-06-08T00:01:31.301200153;4566;7968.18;0.004987;SELL
2019-06-08T00:01:31.281000000;2019-06-08T00:01:31.322672607;4568;7968.18;3.3e-05;SELL
2019-06-08T00:01:31.780000000;2019-06-08T00:01:31.802420596;4580;7967.98;0.001428;BUY
2019-06-08T00:01:32.142000000;2019-06-08T00:01:32.212447690;4589;7967.98;0.004409;BUY
2019-06-08T00:01:32.408000000;2019-06-08T00:01:32.446220415;4592;7967.14;0.099289;SELL
2019-06-08T00:01:32.410000000;2019-06-08T00:01:32.448484382;4593;7967.98;0.029857;BUY
2019-06-08T00:01:33.183000000;2019-06-08T00:01:33.262618144;4606;7965.09;0.00801;SELL
2019-06-08T00:01:33.183000000;2019-06-08T00:01:33.262784508;4607;7965.08;0.027104;SELL
2019-06-08T00:01:33.364000000;2019-06-08T00:01:33.406421340;4612;7965.08;0.008022;SELL
2019-06-08T00:01:33.784000000;2019-06-08T00:01:33.804978848;4625;7968;0.013314;BUY
2019-06-08T00:01:33.959000000;2019-06-08T00:01:33.981056111;4634;7968;0.01;BUY
2019-06-08T00:01:34.125000000;2019-06-08T00:01:34.413847486;4641;7968;0.001588;BUY
2019-06-08T00:01:34.325000000;2019-06-08T00:01:34.429254664;4652;7965.1;0.03514;SELL
2019-06-08T00:01:34.325000000;2019-06-08T00:01:34.430318097;4656;7965.09;0.560255;SELL
2019-06-08T00:01:34.369000000;2019-06-08T00:01:34.434774289;4668;7965.1;0.03514;SELL
2019-06-08T00:01:34.527000000;2019-06-08T00:01:34.554749276;4721;7965.1;0.008011;BUY
2019-06-08T00:01:34.556000000;2019-06-08T00:01:34.581708769;4722;7965.1;0.013916;BUY
2019-06-08T00:01:34.746000000;2019-06-08T00:01:34.768155030;4727;7965.1;0.138982;BUY
2019-06-08T00:01:34.763000000;2019-06-08T00:01:34.784997564;4728;7965.1;0.231638;BUY
2019-06-08T00:01:34.937000000;2019-06-08T00:01:34.961079762;4732;7965.07;0.005864;SELL
2019-06-08T00:01:35.808000000;2019-06-08T00:01:35.833426427;4757;7966.18;0.25041;SELL
2019-06-08T00:01:35.822000000;2019-06-08T00:01:35.846613022;4758;7967.96;0.00801;BUY
2019-06-08T00:01:35.822000000;2019-06-08T00:01:35.847655063;4759;7967.98;0.027104;BUY
2019-06-08T00:01:35.822000000;2019-06-08T00:01:35.848411686;4760;7967.99;0.0856;BUY
2019-06-08T00:01:35.822000000;2019-06-08T00:01:35.849214756;4761;7968;1e-05;BUY
2019-06-08T00:01:35.822000000;2019-06-08T00:01:35.849859161;4762;7968.76;0.149585;BUY
2019-06-08T00:01:35.822000000;2019-06-08T00:01:35.850504681;4763;7968.76;0.195098;BUY
2019-06-08T00:01:35.822000000;2019-06-08T00:01:35.851564720;4764;7968.76;0.15868;BUY
2019-06-08T00:01:36.006000000;2019-06-08T00:01:36.044648478;4765;7968.75;0.001517;BUY
2019-06-08T00:01:36.263000000;2019-06-08T00:01:36.312986919;4783;7965.16;0.002075;SELL
2019-06-08T00:01:36.411000000;2019-06-08T00:01:36.462736831;4792;7965.16;0.005935;SELL
2019-06-08T00:01:36.518000000;2019-06-08T00:01:36.558083026;4795;7965.14;0.032672;SELL
2019-06-08T00:01:36.610000000;2019-06-08T00:01:36.632346615;4804;7965.14;0.002465;SELL
2019-06-08T00:01:36.727000000;2019-06-08T00:01:36.751792735;4809;7965.14;0.035137;SELL
2019-06-08T00:01:37.352000000;2019-06-08T00:01:37.403539643;4820;7965.15;0.132364;SELL
2019-06-08T00:01:37.519000000;2019-06-08T00:01:37.552519741;4827;7968.38;0.00801;BUY
2019-06-08T00:01:37.519000000;2019-06-08T00:01:37.553567660;4828;7968.4;0.00449;BUY
2019-06-08T00:01:37.539000000;2019-06-08T00:01:37.569705299;4829;7965.14;1e-06;SELL
2019-06-08T00:01:37.539000000;2019-06-08T00:01:37.571663367;4830;7965.13;0.008205;SELL
2019-06-08T00:01:38.784000000;2019-06-08T00:01:38.806434333;4904;7967.99;0.004135;BUY
2019-06-08T00:01:39.478000000;2019-06-08T00:01:39.519347483;4925;7967;0.056901;BUY
2019-06-08T00:01:41.262000000;2019-06-08T00:01:41.311302464;5066;7965.27;0.00249;SELL
2019-06-08T00:01:41.281000000;2019-06-08T00:01:41.323541807;5069;7967.72;0.014603;BUY
2019-06-08T00:01:41.364000000;2019-06-08T00:01:41.413580269;5078;7965.27;0.017385;SELL
2019-06-08T00:01:41.912000000;2019-06-08T00:01:41.936122265;5105;7965.27;3e-06;SELL
2019-06-08T00:01:41.912000000;2019-06-08T00:01:41.937328089;5106;7965.25;0.011869;SELL
2019-06-08T00:01:41.993000000;2019-06-08T00:01:42.047175362;5108;7965.25;0.004209;SELL
2019-06-08T00:01:42.040000000;2019-06-08T00:01:42.063404039;5112;7965.26;0.004857;SELL
2019-06-08T00:01:42.133000000;2019-06-08T00:01:42.263834568;5116;7966.68;0.137219;SELL
2019-06-08T00:01:42.237000000;2019-06-08T00:01:42.294262092;5122;7967.72;0.001491;BUY
2019-06-08T00:01:42.530000000;2019-06-08T00:01:42.556842090;5130;7967.72;0.021958;BUY
2019-06-08T00:01:42.640000000;2019-06-08T00:01:42.661558924;5134;7965.27;0.007035;SELL
2019-06-08T00:01:43.060000000;2019-06-08T00:01:43.100053051;5158;7965.28;0.014934;SELL
2019-06-08T00:01:43.456000000;2019-06-08T00:01:43.489203540;5174;7965.29;0.00188;SELL
2019-06-08T00:01:43.471000000;2019-06-08T00:01:43.502470019;5176;7967.72;0.032703;BUY
2019-06-08T00:01:43.523000000;2019-06-08T00:01:43.547774974;5177;7967.72;0.021958;BUY
2019-06-08T00:01:43.557000000;2019-06-08T00:01:43.580118723;5178;7965.29;0.033261;SELL
2019-06-08T00:01:43.557000000;2019-06-08T00:01:43.580770848;5179;7965.28;0.016829;SELL
2019-06-08T00:01:43.600000000;2019-06-08T00:01:43.622625877;5180;7967.72;0.100843;BUY
2019-06-08T00:01:44.363000000;2019-06-08T00:01:44.414410537;5235;7967.72;0.01717;BUY
2019-06-08T00:01:44.442000000;2019-06-08T00:01:44.486674079;5248;7965.43;0.00801;SELL
2019-06-08T00:01:44.442000000;2019-06-08T00:01:44.487315573;5249;7965.43;0.018848;SELL
2019-06-08T00:01:44.603000000;2019-06-08T00:01:44.626434281;5259;7967.72;4e-06;BUY
2019-06-08T00:01:44.875000000;2019-06-08T00:01:44.897984552;5272;7968.49;0.124619;BUY
2019-06-08T00:01:45.017000000;2019-06-08T00:01:45.045226479;5282;7970.75;0.00801;BUY
2019-06-08T00:01:45.017000000;2019-06-08T00:01:45.045226479;5283;7970.77;0.01885;BUY
2019-06-08T00:01:45.019000000;2019-06-08T00:01:45.045226479;5284;7970.77;0.093014;BUY
2019-06-08T00:01:45.033000000;2019-06-08T00:01:45.055888842;5286;7971.2;0.12947;BUY
2019-06-08T00:01:45.038000000;2019-06-08T00:01:45.058671944;5287;7971.2;4e-06;BUY
2019-06-08T00:01:45.038000000;2019-06-08T00:01:45.060631407;5288;7971.2;0.002596;BUY
2019-06-08T00:01:45.059000000;2019-06-08T00:01:45.083728962;5292;7970.6;0.117275;BUY
2019-06-08T00:01:45.059000000;2019-06-08T00:01:45.084495579;5293;7971.2;0.126878;BUY
2019-06-08T00:01:45.059000000;2019-06-08T00:01:45.105975733;5294;7971.2;0.047787;BUY
2019-06-08T00:01:45.064000000;2019-06-08T00:01:45.158378935;5295;7971.2;0.081687;BUY
2019-06-08T00:01:45.064000000;2019-06-08T00:01:45.230807202;5296;7971.2;0.062263;BUY
2019-06-08T00:01:45.089000000;2019-06-08T00:01:45.230807202;5297;7971.2;0.0026;BUY
2019-06-08T00:01:45.135000000;2019-06-08T00:01:45.341802951;5304;7970.59;0.1099;BUY
2019-06-08T00:01:45.280000000;2019-06-08T00:01:45.341802951;5310;7966.7;0.004814;SELL
2019-06-08T00:01:46.042000000;2019-06-08T00:01:46.063740899;5353;7971.39;0.002253;BUY
2019-06-08T00:01:46.686000000;2019-06-08T00:01:46.712293696;5375;7968.24;0.004635;SELL
2019-06-08T00:01:47.215000000;2019-06-08T00:01:47.295715688;5384;7968.35;0.003372;SELL
2019-06-08T00:01:47.215000000;2019-06-08T00:01:47.300685984;5385;7968.34;0.004371;SELL
2019-06-08T00:01:47.215000000;2019-06-08T00:01:47.300685984;5386;7968.32;0.011887;SELL
2019-06-08T00:01:48.438000000;2019-06-08T00:01:48.486136427;5447;7972.72;0.001305;BUY
2019-06-08T00:01:48.438000000;2019-06-08T00:01:48.487790009;5448;7972.83;0.000189;BUY
2019-06-08T00:01:48.752000000;2019-06-08T00:01:48.774210653;5451;7972.72;0.014918;SELL
2019-06-08T00:01:48.854000000;2019-06-08T00:01:48.876117918;5463;7972.72;0.008268;SELL
2019-06-08T00:01:49.436000000;2019-06-08T00:01:49.487127479;5492;7972.75;0.165361;BUY
2019-06-08T00:01:50.026000000;2019-06-08T00:01:50.044496579;5508;7972.72;2.1e-05;SELL
2019-06-08T00:01:50.859000000;2019-06-08T00:01:50.881765829;5532;7972.56;0.018299;BUY
2019-06-08T00:01:51.169000000;2019-06-08T00:01:51.288401267;5549;7972.49;0.007818;BUY
2019-06-08T00:01:51.169000000;2019-06-08T00:01:51.288401267;5550;7972.49;0.002194;BUY
2019-06-08T00:01:51.412000000;2019-06-08T00:01:51.466394812;5563;7969.14;0.007991;SELL
2019-06-08T00:01:51.496000000;2019-06-08T00:01:51.538735852;5567;7972.46;0.029138;BUY
2019-06-08T00:01:51.524000000;2019-06-08T00:01:51.562674675;5569;7969.18;0.004214;SELL
2019-06-08T00:01:52.064000000;2019-06-08T00:01:52.086977274;5592;7969.25;0.004298;SELL
2019-06-08T00:01:52.064000000;2019-06-08T00:01:52.096875062;5593;7969.21;0.032659;SELL
2019-06-08T00:01:52.663000000;2019-06-08T00:01:52.684849134;5613;7972.46;0.001516;BUY
2019-06-08T00:01:52.716000000;2019-06-08T00:01:52.737683287;5618;7972.46;0.031086;BUY
2019-06-08T00:01:52.814000000;2019-06-08T00:01:52.838072970;5624;7969.23;0.013422;SELL
2019-06-08T00:01:52.897000000;2019-06-08T00:01:52.921670126;5628;7969.23;0.021694;SELL
2019-06-08T00:01:53.238000000;2019-06-08T00:01:53.303767037;5643;7971.29;0.180087;BUY
2019-06-08T00:01:53.442000000;2019-06-08T00:01:53.490621199;5654;7969.35;0.035115;SELL
2019-06-08T00:01:53.647000000;2019-06-08T00:01:53.670499512;5662;7969.47;0.001548;SELL
2019-06-08T00:01:53.777000000;2019-06-08T00:01:53.800833447;5670;7969.57;0.017978;SELL
2019-06-08T00:01:53.848000000;2019-06-08T00:01:53.871220140;5671;7969.65;0.017142;SELL
2019-06-08T00:01:53.967000000;2019-06-08T00:01:53.990984184;5676;7969.66;0.034288;SELL
2019-06-08T00:01:54.077000000;2019-06-08T00:01:54.239339540;5678;7969.73;0.03512;SELL
2019-06-08T00:01:54.077000000;2019-06-08T00:01:54.239339540;5681;7969.72;0.043107;SELL
2019-06-08T00:01:54.077000000;2019-06-08T00:01:54.239339540;5682;7969.24;0.481119;SELL
2019-06-08T00:01:54.710000000;2019-06-08T00:01:54.733754532;5713;7972.43;0.007988;BUY
2019-06-08T00:01:55.661000000;2019-06-08T00:01:55.685451041;5753;7971;0.00247;BUY
2019-06-08T00:01:56.216000000;2019-06-08T00:01:56.293586896;5775;7971;0.021129;BUY
2019-06-08T00:01:56.606000000;2019-06-08T00:01:56.628640049;5790;7969.25;0.034919;SELL
2019-06-08T00:01:56.892000000;2019-06-08T00:01:56.915695531;5796;7971;0.001412;BUY
2019-06-08T00:01:57.517000000;2019-06-08T00:01:57.546441368;5812;7970.21;0.107747;BUY
2019-06-08T00:01:57.521000000;2019-06-08T00:01:57.550053863;5813;7969.27;0.0784;SELL
2019-06-08T00:01:58.580000000;2019-06-08T00:01:58.603027174;5871;7971;0.012702;BUY
2019-06-08T00:01:58.722000000;2019-06-08T00:01:58.747633894;5875;7969.25;0.00188;SELL
2019-06-08T00:01:58.771000000;2019-06-08T00:01:58.793342674;5877;7971;0.036782;BUY
2019-06-08T00:02:00.858000000;2019-06-08T00:02:00.880903463;5953;7969.27;0.015037;SELL
2019-06-08T00:02:00.916000000;2019-06-08T00:02:00.937549270;5959;7970.99;0.004009;BUY
2019-06-08T00:02:01.544000000;2019-06-08T00:02:01.566898432;5985;7970.13;0.25827;SELL
2019-06-08T00:02:02.566000000;2019-06-08T00:02:02.588691130;6011;7970.99;0.005991;BUY
2019-06-08T00:02:02.566000000;2019-06-08T00:02:02.589504532;6012;7971;0.006521;BUY
2019-06-08T00:02:02.660000000;2019-06-08T00:02:02.682255283;6019;7971;0.187817;BUY
2019-06-08T00:02:03.108000000;2019-06-08T00:02:03.269131246;6025;7971;0.00139;BUY
2019-06-08T00:02:03.413000000;2019-06-08T00:02:03.445543140;6037;7971;0.009761;BUY
2019-06-08T00:02:03.530000000;2019-06-08T00:02:03.550800439;6039;7971;0.109522;BUY
2019-06-08T00:02:03.686000000;2019-06-08T00:02:03.708948096;6047;7971;0.031758;BUY
2019-06-08T00:02:03.776000000;2019-06-08T00:02:03.798248264;6051;7971;0.001611;BUY
2019-06-08T00:02:03.787000000;2019-06-08T00:02:03.808220119;6054;7971;0.006235;BUY
2019-06-08T00:02:04.531000000;2019-06-08T00:02:04.557498269;6086;7971;0.022697;BUY
2019-06-08T00:02:04.548000000;2019-06-08T00:02:04.573363459;6087;7971;0.257425;BUY
2019-06-08T00:02:04.575000000;2019-06-08T00:02:04.597544470;6089;7971.23;0.113929;BUY
2019-06-08T00:02:04.865000000;2019-06-08T00:02:04.891099838;6103;7969.5;0.008;SELL
2019-06-08T00:02:04.971000000;2019-06-08T00:02:04.994008055;6110;7969.61;0.00163;SELL
2019-06-08T00:02:05.563000000;2019-06-08T00:02:05.584858819;6132;7972.41;0.008003;BUY
2019-06-08T00:02:05.563000000;2019-06-08T00:02:05.586319000;6133;7972.43;0.024717;BUY
2019-06-08T00:02:09.232000000;2019-06-08T00:02:09.298440297;6224;7970;0.008004;SELL
2019-06-08T00:02:09.326000000;2019-06-08T00:02:09.366214422;6227;7972.39;0.00141;BUY
2019-06-08T00:02:09.620000000;2019-06-08T00:02:09.642267686;6229;7972.39;0.010813;BUY
2019-06-08T00:02:09.650000000;2019-06-08T00:02:09.673400998;6230;7971.15;0.116508;BUY
2019-06-08T00:02:09.915000000;2019-06-08T00:02:09.937476414;6232;7970.01;0.006153;SELL
2019-06-08T00:02:11.710000000;2019-06-08T00:02:11.733963712;6278;7972.38;0.001995;BUY
2019-06-08T00:02:12.174000000;2019-06-08T00:02:12.296773587;6289;7970.01;0.015731;SELL
2019-06-08T00:02:12.342000000;2019-06-08T00:02:12.389178853;6295;7970.01;0.01939;SELL
2019-06-08T00:02:12.342000000;2019-06-08T00:02:12.389178853;6296;7970.01;0.010467;SELL
2019-06-08T00:02:12.454000000;2019-06-08T00:02:12.487641980;6299;7970.01;0.030731;SELL
2019-06-08T00:02:12.547000000;2019-06-08T00:02:12.581163404;6307;7970.01;0.053878;SELL
2019-06-08T00:02:12.660000000;2019-06-08T00:02:12.683677462;6311;7970.01;0.001893;SELL
2019-06-08T00:02:12.715000000;2019-06-08T00:02:12.738277535;6314;7970.85;0.073217;BUY
2019-06-08T00:02:12.766000000;2019-06-08T00:02:12.805180728;6317;7970.01;0.013447;SELL
2019-06-08T00:02:12.969000000;2019-06-08T00:02:13.001173209;6331;7970.01;0.011513;SELL
2019-06-08T00:02:13.077000000;2019-06-08T00:02:13.157209706;6338;7970.01;0.124793;SELL
2019-06-08T00:02:13.265000000;2019-06-08T00:02:13.317232156;6341;7970.02;0.124793;SELL
2019-06-08T00:02:13.394000000;2019-06-08T00:02:13.461270748;6344;7970.02;0.124793;SELL
2019-06-08T00:02:13.498000000;2019-06-08T00:02:13.534350604;6348;7970.02;0.124793;SELL
2019-06-08T00:02:13.559000000;2019-06-08T00:02:13.586043749;6353;7972.38;0.001512;BUY
2019-06-08T00:02:13.616000000;2019-06-08T00:02:13.638651547;6357;7970.02;0.051354;SELL
2019-06-08T00:02:14.000000000;2019-06-08T00:02:14.033522208;6371;7970.02;0.00188;SELL
2019-06-08T00:02:14.003000000;2019-06-08T00:02:14.033522208;6372;7972.38;0.031614;BUY
2019-06-08T00:02:14.003000000;2019-06-08T00:02:14.033522208;6373;7972.39;0.071601;BUY
2019-06-08T00:02:14.243000000;2019-06-08T00:02:14.314183274;6383;7972.44;0.021554;SELL
2019-06-08T00:02:14.351000000;2019-06-08T00:02:14.405197377;6391;7972.44;0.021085;SELL
2019-06-08T00:02:14.361000000;2019-06-08T00:02:14.411650249;6392;7972.58;0.001446;BUY
2019-06-08T00:02:14.868000000;2019-06-08T00:02:14.892270412;6405;7972.46;0.003246;SELL
2019-06-08T00:02:15.385000000;2019-06-08T00:02:15.430738572;6414;7972.69;0.16931;BUY
2019-06-08T00:02:15.393000000;2019-06-08T00:02:15.438710823;6415;7972.46;0.105492;SELL
2019-06-08T00:02:15.703000000;2019-06-08T00:02:15.727831104;6426;7972.44;0.008506;SELL
2019-06-08T00:02:17.233000000;2019-06-08T00:02:17.303121470;6472;7972.44;0.098247;SELL
2019-06-08T00:02:17.767000000;2019-06-08T00:02:17.797156575;6478;7972.83;0.001399;BUY
2019-06-08T00:02:18.452000000;2019-06-08T00:02:18.485309690;6506;7972.74;0.005;BUY
2019-06-08T00:02:18.533000000;2019-06-08T00:02:18.565260678;6511;7972.46;0.011509;SELL
2019-06-08T00:02:19.215000000;2019-06-08T00:02:19.304788897;6520;7972.46;0.001713;SELL
2019-06-08T00:02:19.541000000;2019-06-08T00:02:19.565768419;6529;7972.46;0.02096;SELL
2019-06-08T00:02:19.550000000;2019-06-08T00:02:19.572980042;6531;7972.46;0.016251;SELL
2019-06-08T00:02:19.727000000;2019-06-08T00:02:19.749850961;6536;7972.46;0.049455;SELL
2019-06-08T00:02:21.691000000;2019-06-08T00:02:21.714779337;6581;7972.69;0.110369;BUY
2019-06-08T00:02:22.589000000;2019-06-08T00:02:22.611393739;6598;7972.48;0.001893;SELL
2019-06-08T00:02:22.711000000;2019-06-08T00:02:22.733816664;6599;7972.48;0.077645;SELL
2019-06-08T00:02:22.714000000;2019-06-08T00:02:22.737003025;6600;7972.63;0.112885;BUY
2019-06-08T00:02:22.714000000;2019-06-08T00:02:22.737847217;6601;7972.64;0.009456;BUY
2019-06-08T00:02:22.714000000;2019-06-08T00:02:22.738999773;6602;7972.7;0.01;BUY
2019-06-08T00:02:22.714000000;2019-06-08T00:02:22.739823856;6604;7972.86;0.10754;BUY
2019-06-08T00:02:23.185000000;2019-06-08T00:02:23.295758389;6608;7972.48;2.6e-05;SELL
2019-06-08T00:02:23.185000000;2019-06-08T00:02:23.298041442;6609;7972.44;3.3e-05;SELL
2019-06-08T00:02:23.185000000;2019-06-08T00:02:23.298041442;6610;7970.22;0.035119;SELL
2019-06-08T00:02:23.185000000;2019-06-08T00:02:23.298041442;6611;7970.21;0.075024;SELL
2019-06-08T00:02:23.185000000;2019-06-08T00:02:23.298041442;6612;7970.09;0.25;SELL
2019-06-08T00:02:23.185000000;2019-06-08T00:02:23.298041442;6613;7969.65;0.008003;SELL
2019-06-08T00:02:23.185000000;2019-06-08T00:02:23.298041442;6614;7969.34;0.5;SELL
2019-06-08T00:02:23.185000000;2019-06-08T00:02:23.303561652;6615;7969.33;0.003115;SELL
2019-06-08T00:02:23.185000000;2019-06-08T00:02:23.303561652;6616;7969.25;0.011356;SELL
2019-06-08T00:02:23.185000000;2019-06-08T00:02:23.303561652;6617;7969.24;0.058271;SELL
2019-06-08T00:02:23.185000000;2019-06-08T00:02:23.303561652;6618;7968.98;1;SELL
2019-06-08T00:02:23.185000000;2019-06-08T00:02:23.303561652;6619;7968.98;0.118375;SELL
2019-06-08T00:02:23.185000000;2019-06-08T00:02:23.303561652;6620;7968.79;0.5;SELL
2019-06-08T00:02:23.185000000;2019-06-08T00:02:23.303561652;6621;7968.18;0.001305;SELL
2019-06-08T00:02:23.185000000;2019-06-08T00:02:23.303561652;6622;7967.96;0.150502;SELL
2019-06-08T00:02:23.185000000;2019-06-08T00:02:23.303561652;6623;7967.94;0.150498;SELL
2019-06-08T00:02:23.185000000;2019-06-08T00:02:23.303561652;6624;7967.94;0.150498;SELL
2019-06-08T00:02:23.185000000;2019-06-08T00:02:23.303561652;6625;7967.79;0.5;SELL
2019-06-08T00:02:23.185000000;2019-06-08T00:02:23.303561652;6626;7967.6;0.191;SELL
2019-06-08T00:02:23.185000000;2019-06-08T00:02:23.303561652;6627;7966.71;0.281451;SELL
2019-06-08T00:02:23.185000000;2019-06-08T00:02:23.303561652;6628;7966.71;0.281451;SELL
2019-06-08T00:02:23.185000000;2019-06-08T00:02:23.303561652;6629;7966.71;0.281451;SELL
2019-06-08T00:02:23.185000000;2019-06-08T00:02:23.303561652;6630;7966.71;0.281451;SELL
2019-06-08T00:02:23.185000000;2019-06-08T00:02:23.303561652;6631;7966.71;0.274046;SELL
2019-06-08T00:02:23.185000000;2019-06-08T00:02:23.308349121;6632;7966.7;0.495186;SELL
2019-06-08T00:02:23.185000000;2019-06-08T00:02:23.308349121;6633;7966.7;4.5e-05;SELL
2019-06-08T00:02:23.806000000;2019-06-08T00:02:23.827975955;6659;7970.31;0.0759;BUY
2019-06-08T00:02:23.829000000;2019-06-08T00:02:23.851891795;6662;7972.2;0.029028;BUY
2019-06-08T00:02:23.891000000;2019-06-08T00:02:23.913987820;6665;7972.19;0.009915;BUY
2019-06-08T00:02:23.986000000;2019-06-08T00:02:23.999694534;6667;7972.13;0.001437;BUY
2019-06-08T00:02:25.857000000;2019-06-08T00:02:25.893237067;6693;7970.74;0.157126;BUY
2019-06-08T00:02:26.548000000;2019-06-08T00:02:26.569787249;6713;7968.54;0.017347;SELL
2019-06-08T00:02:26.548000000;2019-06-08T00:02:26.570352509;6714;7968.53;0.035128;SELL
2019-06-08T00:02:26.548000000;2019-06-08T00:02:26.570936227;6715;7968.26;0.414276;SELL
2019-06-08T00:02:26.591000000;2019-06-08T00:02:26.613710047;6716;7970.73;0.0504;BUY
2019-06-08T00:02:27.347000000;2019-06-08T00:02:27.390224475;6738;7968.53;0.024171;SELL
2019-06-08T00:02:27.463000000;2019-06-08T00:02:27.500494553;6744;7968.53;0.01092;SELL
2019-06-08T00:02:28.206000000;2019-06-08T00:02:28.299719402;6754;7971.47;0.001451;BUY
2019-06-08T00:02:28.768000000;2019-06-08T00:02:28.789538999;6770;7970.15;0.104754;BUY
2019-06-08T00:02:29.299000000;2019-06-08T00:02:29.341852347;6777;7968.53;0.00188;SELL
2019-06-08T00:02:29.719000000;2019-06-08T00:02:29.740036811;6797;7971.39;0.004167;BUY
2019-06-08T00:02:29.804000000;2019-06-08T00:02:29.826947777;6798;7971.38;0.024175;BUY
2019-06-08T00:02:30.027000000;2019-06-08T00:02:30.050559604;6801;7971.37;0.030961;BUY
2019-06-08T00:02:30.027000000;2019-06-08T00:02:30.051521911;6802;7971.38;0.094974;BUY
2019-06-08T00:02:30.027000000;2019-06-08T00:02:30.052634258;6803;7971.41;0.02;BUY
2019-06-08T00:02:30.027000000;2019-06-08T00:02:30.052859800;6804;7971.56;0.028853;BUY
2019-06-08T00:02:30.431000000;2019-06-08T00:02:30.473175074;6829;7968.62;0.009901;SELL
2019-06-08T00:02:30.479000000;2019-06-08T00:02:30.510904960;6831;7968.62;0.013219;SELL
2019-06-08T00:02:30.479000000;2019-06-08T00:02:30.511922317;6832;7968.6;0.067334;SELL
2019-06-08T00:02:30.479000000;2019-06-08T00:02:30.512307385;6833;7968.58;0.028273;SELL
2019-06-08T00:02:30.572000000;2019-06-08T00:02:30.594210791;6834;7968.58;0.085486;SELL
2019-06-08T00:02:31.280000000;2019-06-08T00:02:31.332014959;6858;7968.61;0.035092;SELL
2019-06-08T00:02:31.603000000;2019-06-08T00:02:31.624541218;6861;7970.26;0.042904;SELL
2019-06-08T00:02:31.929000000;2019-06-08T00:02:31.952241356;6868;7968.72;0.001403;SELL
2019-06-08T00:02:32.427000000;2019-06-08T00:02:32.466194626;6880;7971.49;0.001488;BUY
2019-06-08T00:02:33.553000000;2019-06-08T00:02:33.575159711;6928;7971.51;0.035125;BUY
2019-06-08T00:02:33.553000000;2019-06-08T00:02:33.576564454;6929;7971.52;0.00966;BUY
2019-06-08T00:02:33.746000000;2019-06-08T00:02:33.769431130;6943;7969.07;0.035125;SELL
2019-06-08T00:02:33.746000000;2019-06-08T00:02:33.770553607;6944;7969.06;0.071294;SELL
2019-06-08T00:02:34.054000000;2019-06-08T00:02:34.075815823;6957;7971.52;0.011661;BUY
2019-06-08T00:02:34.065000000;2019-06-08T00:02:34.086904137;6960;7971.5;0.01166;BUY
2019-06-08T00:02:34.475000000;2019-06-08T00:02:34.507224059;6976;7969.08;0.031164;SELL
2019-06-08T00:02:34.679000000;2019-06-08T00:02:34.703754777;6985;7969.72;0.136211;BUY
2019-06-08T00:02:34.908000000;2019-06-08T00:02:34.931144717;7008;7970;0.010748;SELL
2019-06-08T00:02:35.574000000;2019-06-08T00:02:35.597958168;7029;7970;0.000546;SELL
2019-06-08T00:02:35.753000000;2019-06-08T00:02:35.774491027;7038;7971.49;0.001894;BUY
2019-06-08T00:02:36.698000000;2019-06-08T00:02:36.720699082;7059;7971.46;0.035125;BUY
2019-06-08T00:02:36.698000000;2019-06-08T00:02:36.721740660;7060;7971.47;0.045493;BUY
2019-06-08T00:02:36.698000000;2019-06-08T00:02:36.722649402;7061;7972.48;0.000696;BUY
2019-06-08T00:02:37.386000000;2019-06-08T00:02:37.431486374;7085;7970.86;0.105635;SELL
2019-06-08T00:02:37.718000000;2019-06-08T00:02:37.743194511;7097;7971.7;0.009423;BUY
2019-06-08T00:02:37.990000000;2019-06-08T00:02:38.016105851;7104;7970.26;0.001478;SELL
2019-06-08T00:02:38.428000000;2019-06-08T00:02:38.468817183;7129;7971.7;0.002919;BUY
2019-06-08T00:02:38.670000000;2019-06-08T00:02:38.693370622;7140;7971.7;0.001459;BUY
2019-06-08T00:02:39.474000000;2019-06-08T00:02:39.508677128;7171;7971.68;0.046328;BUY
2019-06-08T00:02:39.474000000;2019-06-08T00:02:39.510027950;7172;7971.7;0.003842;BUY
2019-06-08T00:02:39.491000000;2019-06-08T00:02:39.523227817;7173;7971.7;0.023321;BUY
2019-06-08T00:02:39.491000000;2019-06-08T00:02:39.524041864;7174;7971.71;0.051741;BUY
2019-06-08T00:02:39.514000000;2019-06-08T00:02:39.545482602;7176;7971.71;0.003447;BUY
2019-06-08T00:02:40.523000000;2019-06-08T00:02:40.551438182;7216;7972.48;0.01;BUY
2019-06-08T00:02:40.613000000;2019-06-08T00:02:40.636111061;7224;7970.26;9e-06;SELL
2019-06-08T00:02:40.613000000;2019-06-08T00:02:40.637028172;7225;7970.2;0.019566;SELL
2019-06-08T00:02:42.836000000;2019-06-08T00:02:42.859286855;7338;7972.45;0.019565;BUY
2019-06-08T00:02:42.836000000;2019-06-08T00:02:42.860649992;7339;7972.46;0.041191;BUY
2019-06-08T00:02:42.836000000;2019-06-08T00:02:42.862313436;7340;7972.48;0.000662;BUY
2019-06-08T00:02:42.836000000;2019-06-08T00:02:42.863033315;7341;7972.72;0.001305;BUY
2019-06-08T00:02:42.836000000;2019-06-08T00:02:42.863675799;7342;7972.86;0.002183;BUY
2019-06-08T00:02:42.873000000;2019-06-08T00:02:42.895958825;7344;7972.86;0.000179;BUY
2019-06-08T00:02:43.423000000;2019-06-08T00:02:43.471895979;7371;7971.68;0.193457;BUY
2019-06-08T00:02:43.771000000;2019-06-08T00:02:43.793416192;7385;7970.45;0.00149;SELL
2019-06-08T00:02:43.771000000;2019-06-08T00:02:43.794269403;7386;7970.43;0.004152;SELL
2019-06-08T00:02:43.771000000;2019-06-08T00:02:43.795564126;7387;7970.4;0.02891;SELL
2019-06-08T00:02:44.553000000;2019-06-08T00:02:44.582639649;7407;7970.29;0.00188;SELL
2019-06-08T00:02:44.869000000;2019-06-08T00:02:44.890374166;7414;7973.7;0.001428;BUY
2019-06-08T00:02:45.186000000;2019-06-08T00:02:45.303346714;7427;7973.6;0.008655;BUY
2019-06-08T00:02:45.471000000;2019-06-08T00:02:45.504069039;7446;7973.51;0.01237;BUY
2019-06-08T00:02:45.471000000;2019-06-08T00:02:45.504805727;7447;7973.51;0.002146;BUY
2019-06-08T00:02:45.847000000;2019-06-08T00:02:45.868206314;7463;7973.42;0.02382;BUY
2019-06-08T00:02:45.869000000;2019-06-08T00:02:45.891956528;7465;7973.42;0.001611;BUY
2019-06-08T00:02:46.180000000;2019-06-08T00:02:46.302948972;7469;7971.46;0.019088;SELL
2019-06-08T00:02:47.036000000;2019-06-08T00:02:47.057426420;7487;7970.22;0.01961;SELL
2019-06-08T00:02:47.281000000;2019-06-08T00:02:47.334489218;7490;7973.32;0.003436;BUY
2019-06-08T00:02:48.008000000;2019-06-08T00:02:48.030941724;7503;7973.31;0.002423;BUY
2019-06-08T00:02:48.008000000;2019-06-08T00:02:48.031931429;7504;7973.33;0.000577;BUY
2019-06-08T00:02:48.097000000;2019-06-08T00:02:48.216268792;7510;7970.47;0.005577;SELL
2019-06-08T00:02:48.294000000;2019-06-08T00:02:48.340636147;7516;7970.52;0.014688;SELL
2019-06-08T00:02:48.420000000;2019-06-08T00:02:48.461084764;7520;7973.28;0.002005;BUY
2019-06-08T00:02:49.041000000;2019-06-08T00:02:49.064739105;7547;7970.56;0.023921;SELL
2019-06-08T00:02:50.366000000;2019-06-08T00:02:50.410484879;7589;7973.09;0.03454;BUY
2019-06-08T00:02:50.366000000;2019-06-08T00:02:50.411497405;7590;7973.1;0.113544;BUY
2019-06-08T00:02:50.366000000;2019-06-08T00:02:50.412498631;7591;7973.1;0.003572;BUY
2019-06-08T00:02:50.366000000;2019-06-08T00:02:50.413469280;7592;7973.12;0.035538;BUY
2019-06-08T00:02:50.366000000;2019-06-08T00:02:50.414139695;7593;7974.57;0.013456;BUY
2019-06-08T00:02:50.872000000;2019-06-08T00:02:50.894231484;7601;7970.56;9e-06;SELL
2019-06-08T00:02:50.872000000;2019-06-08T00:02:50.895020345;7602;7970.55;0.035117;SELL
2019-06-08T00:02:50.872000000;2019-06-08T00:02:50.896023692;7603;7970.03;0.008004;SELL
2019-06-08T00:02:50.872000000;2019-06-08T00:02:50.896900158;7604;7970.01;0.0125;SELL
2019-06-08T00:02:50.872000000;2019-06-08T00:02:50.897676573;7605;7969.83;0.076109;SELL
2019-06-08T00:02:51.090000000;2019-06-08T00:02:51.110437155;7611;7974.42;0.001411;BUY
2019-06-08T00:02:51.433000000;2019-06-08T00:02:51.467046866;7616;7973;0.116346;BUY
2019-06-08T00:02:52.778000000;2019-06-08T00:02:52.800958033;7634;7971.71;0.0028;BUY
2019-06-08T00:02:52.778000000;2019-06-08T00:02:52.801897428;7635;7974.25;0.008004;BUY
2019-06-08T00:02:52.778000000;2019-06-08T00:02:52.802415818;7636;7974.27;0.004136;BUY
2019-06-08T00:02:52.778000000;2019-06-08T00:02:52.803531945;7637;7974.28;0.075476;BUY
2019-06-08T00:02:52.837000000;2019-06-08T00:02:52.858127825;7640;7974.28;0.0028;BUY
2019-06-08T00:02:52.860000000;2019-06-08T00:02:52.881644267;7641;7974.28;0.002786;BUY
2019-06-08T00:02:53.830000000;2019-06-08T00:02:53.852738619;7674;7972.07;0.119831;SELL
2019-06-08T00:02:53.830000000;2019-06-08T00:02:53.853832274;7675;7971.94;0.008003;SELL
2019-06-08T00:02:53.830000000;2019-06-08T00:02:53.855805387;7676;7971.93;0.023209;SELL
2019-06-08T00:02:53.830000000;2019-06-08T00:02:53.856136847;7677;7971.91;0.035105;SELL
2019-06-08T00:02:53.830000000;2019-06-08T00:02:53.856949167;7678;7971.9;0.114311;SELL
2019-06-08T00:02:53.830000000;2019-06-08T00:02:53.857619030;7679;7971.59;1;SELL
2019-06-08T00:02:53.830000000;2019-06-08T00:02:53.858577370;7680;7971.38;0.5;SELL
2019-06-08T00:02:53.830000000;2019-06-08T00:02:53.859233423;7681;7970.85;0.919987;SELL
2019-06-08T00:02:53.897000000;2019-06-08T00:02:53.918535495;7683;7970.98;0.018362;SELL
2019-06-08T00:02:53.897000000;2019-06-08T00:02:53.920279165;7685;7970.58;0.035105;SELL
2019-06-08T00:02:53.897000000;2019-06-08T00:02:53.920400850;7686;7970.57;0.06636;SELL
2019-06-08T00:02:54.107000000;2019-06-08T00:02:54.274381406;7701;7970.58;0.0351;SELL
2019-06-08T00:02:54.488000000;2019-06-08T00:02:54.512235700;7705;7970.58;5e-06;SELL
2019-06-08T00:02:54.488000000;2019-06-08T00:02:54.512976229;7706;7970.58;0.004614;SELL
2019-06-08T00:02:54.531000000;2019-06-08T00:02:54.553616253;7707;7970.59;0.004612;SELL
2019-06-08T00:02:54.621000000;2019-06-08T00:02:54.642569381;7709;7975.41;0.008003;BUY
2019-06-08T00:02:54.621000000;2019-06-08T00:02:54.643713416;7710;7975.41;0.042397;BUY
2019-06-08T00:02:54.635000000;2019-06-08T00:02:54.658141197;7711;7973.16;0.077547;SELL
2019-06-08T00:02:54.641000000;2019-06-08T00:02:54.664984874;7712;7970.59;0.027203;SELL
2019-06-08T00:02:55.067000000;2019-06-08T00:02:55.089268847;7720;7970.6;0.008004;SELL
2019-06-08T00:02:55.067000000;2019-06-08T00:02:55.090077153;7721;7970.59;0.003292;SELL
2019-06-08T00:02:55.067000000;2019-06-08T00:02:55.091079535;7722;7970.58;0.002626;SELL
2019-06-08T00:02:55.309000000;2019-06-08T00:02:55.350842648;7729;7974.74;0.001515;BUY
2019-06-08T00:02:56.968000000;2019-06-08T00:02:56.990190246;7792;7973.61;0.003391;BUY
2019-06-08T00:02:57.098000000;2019-06-08T00:02:57.190255410;7793;7973.54;0.092367;BUY
2019-06-08T00:02:57.098000000;2019-06-08T00:02:57.246639149;7794;7973.55;0.115866;BUY
2019-06-08T00:02:57.098000000;2019-06-08T00:02:57.246639149;7795;7973.61;0.019818;BUY
2019-06-08T00:02:57.098000000;2019-06-08T00:02:57.246639149;7796;7974.15;0.113759;BUY
2019-06-08T00:02:57.098000000;2019-06-08T00:02:57.246639149;7797;7974.17;0.151705;BUY
2019-06-08T00:02:57.098000000;2019-06-08T00:02:57.246639149;7798;7974.17;0.151705;BUY
2019-06-08T00:02:57.098000000;2019-06-08T00:02:57.246639149;7799;7974.17;0.151705;BUY
2019-06-08T00:02:57.098000000;2019-06-08T00:02:57.263965721;7800;7974.17;0.151705;BUY
2019-06-08T00:02:57.098000000;2019-06-08T00:02:57.263965721;7801;7974.17;0.05137;BUY
2019-06-08T00:02:57.616000000;2019-06-08T00:02:57.638406387;7804;7973.43;0.008;BUY
2019-06-08T00:02:57.740000000;2019-06-08T00:02:57.761856572;7812;7973.43;4e-06;BUY
2019-06-08T00:02:57.740000000;2019-06-08T00:02:57.762976331;7813;7973.45;0.018801;BUY
2019-06-08T00:02:57.760000000;2019-06-08T00:02:57.782461339;7814;7973.45;0.004239;BUY
2019-06-08T00:02:57.760000000;2019-06-08T00:02:57.783364244;7815;7973.47;0.002076;BUY
2019-06-08T00:02:57.760000000;2019-06-08T00:02:57.784162265;7816;7974.17;0.01249;BUY
2019-06-08T00:02:57.830000000;2019-06-08T00:02:57.854573642;7817;7974.17;0.008;BUY
2019-06-08T00:02:58.197000000;2019-06-08T00:02:58.302213578;7826;7972.22;0.025573;SELL
2019-06-08T00:02:58.319000000;2019-06-08T00:02:58.359957013;7827;7970.86;0.008004;SELL
2019-06-08T00:02:58.319000000;2019-06-08T00:02:58.360848529;7828;7970.84;0.035113;SELL
2019-06-08T00:02:58.319000000;2019-06-08T00:02:58.361591726;7829;7970.83;0.018296;SELL
2019-06-08T00:02:58.771000000;2019-06-08T00:02:58.795719904;7831;7974.13;0.008004;BUY
2019-06-08T00:02:58.771000000;2019-06-08T00:02:58.796640764;7832;7974.14;0.014894;BUY
2019-06-08T00:02:59.531000000;2019-06-08T00:02:59.560870454;7850;7974.11;0.001479;BUY
2019-06-08T00:02:59.808000000;2019-06-08T00:02:59.829117017;7855;7971.23;0.00188;SELL
2019-06-08T00:03:00.690000000;2019-06-08T00:03:00.713712289;7886;7974.07;0.003769;BUY
